
@article{DBLP:journals/corr/ZhangY17aa,
  author    = {Yu Zhang and
               Qiang Yang},
  title     = {A Survey on Multi-Task Learning},
  journal   = {CoRR},
  volume    = {abs/1707.08114},
  year      = {2017},
  url       = {http://arxiv.org/abs/1707.08114},
  archivePrefix = {arXiv},
  eprint    = {1707.08114},
  timestamp = {Mon, 13 Aug 2018 16:49:00 +0200},
  biburl    = {https://dblp.org/rec/journals/corr/ZhangY17aa.bib},
  bibsource = {dblp computer science bibliography, https://dblp.org}
}

@article{DBLP:journals/corr/Ruder17a,
  author    = {Sebastian Ruder},
  title     = {An Overview of Multi-Task Learning in Deep Neural Networks},
  journal   = {CoRR},
  volume    = {abs/1706.05098},
  year      = {2017},
  url       = {http://arxiv.org/abs/1706.05098},
  archivePrefix = {arXiv},
  eprint    = {1706.05098},
  timestamp = {Mon, 13 Aug 2018 16:48:50 +0200},
  biburl    = {https://dblp.org/rec/journals/corr/Ruder17a.bib},
  bibsource = {dblp computer science bibliography, https://dblp.org}
}

@article{DBLP:journals/corr/LuKZCJF16,
  author    = {Yongxi Lu and
               Abhishek Kumar and
               Shuangfei Zhai and
               Yu Cheng and
               Tara Javidi and
               Rog{\'{e}}rio Schmidt Feris},
  title     = {Fully-adaptive Feature Sharing in Multi-Task Networks with Applications
               in Person Attribute Classification},
  journal   = {CoRR},
  volume    = {abs/1611.05377},
  year      = {2016},
  url       = {http://arxiv.org/abs/1611.05377},
  archivePrefix = {arXiv},
  eprint    = {1611.05377},
  timestamp = {Wed, 16 Oct 2019 14:14:57 +0200},
  biburl    = {https://dblp.org/rec/journals/corr/LuKZCJF16.bib},
  bibsource = {dblp computer science bibliography, https://dblp.org}
}


@article{DBLP:journals/corr/abs-1106-0245,
  author    = {Jonathan Baxter},
  title     = {A Model of Inductive Bias Learning},
  journal   = {CoRR},
  volume    = {abs/1106.0245},
  year      = {2011},
  url       = {http://arxiv.org/abs/1106.0245},
  archivePrefix = {arXiv},
  eprint    = {1106.0245},
  timestamp = {Mon, 13 Aug 2018 16:47:11 +0200},
  biburl    = {https://dblp.org/rec/journals/corr/abs-1106-0245.bib},
  bibsource = {dblp computer science bibliography, https://dblp.org}
}


@article{DBLP:journals/corr/Long015a,
  author    = {Mingsheng Long and
               Jianmin Wang},
  title     = {Learning Multiple Tasks with Deep Relationship Networks},
  journal   = {CoRR},
  volume    = {abs/1506.02117},
  year      = {2015},
  url       = {http://arxiv.org/abs/1506.02117},
  archivePrefix = {arXiv},
  eprint    = {1506.02117},
  timestamp = {Mon, 13 Aug 2018 16:49:17 +0200},
  biburl    = {https://dblp.org/rec/journals/corr/Long015a.bib},
  bibsource = {dblp computer science bibliography, https://dblp.org}
}



@article{DBLP:journals/corr/MisraSGH16,
  author    = {Ishan Misra and
               Abhinav Shrivastava and
               Abhinav Gupta and
               Martial Hebert},
  title     = {Cross-stitch Networks for Multi-task Learning},
  journal   = {CoRR},
  volume    = {abs/1604.03539},
  year      = {2016},
  url       = {http://arxiv.org/abs/1604.03539},
  archivePrefix = {arXiv},
  eprint    = {1604.03539},
  timestamp = {Fri, 05 Apr 2019 07:29:46 +0200},
  biburl    = {https://dblp.org/rec/journals/corr/MisraSGH16.bib},
  bibsource = {dblp computer science bibliography, https://dblp.org}
}


@inproceedings{sogaard2016deep,
	title={Deep multi-task learning with low level tasks supervised at lower layers},
	author={S{\o}gaard, Anders and Goldberg, Yoav},
	booktitle={Proceedings of the 54th Annual Meeting of the Association for Computational Linguistics (Volume 2: Short Papers)},
	pages={231--235},
	year={2016}
}


@article{DBLP:journals/corr/HashimotoXTS16,
  author    = {Kazuma Hashimoto and
               Caiming Xiong and
               Yoshimasa Tsuruoka and
               Richard Socher},
  title     = {A Joint Many-Task Model: Growing a Neural Network for Multiple {NLP}
               Tasks},
  journal   = {CoRR},
  volume    = {abs/1611.01587},
  year      = {2016},
  url       = {http://arxiv.org/abs/1611.01587},
  archivePrefix = {arXiv},
  eprint    = {1611.01587},
  timestamp = {Mon, 13 Aug 2018 16:46:50 +0200},
  biburl    = {https://dblp.org/rec/journals/corr/HashimotoXTS16.bib},
  bibsource = {dblp computer science bibliography, https://dblp.org}
}



@article{DBLP:journals/corr/KendallGC17,
  author    = {Alex Kendall and
               Yarin Gal and
               Roberto Cipolla},
  title     = {Multi-Task Learning Using Uncertainty to Weigh Losses for Scene Geometry
               and Semantics},
  journal   = {CoRR},
  volume    = {abs/1705.07115},
  year      = {2017},
  url       = {http://arxiv.org/abs/1705.07115},
  archivePrefix = {arXiv},
  eprint    = {1705.07115},
  timestamp = {Mon, 13 Aug 2018 16:48:31 +0200},
  biburl    = {https://dblp.org/rec/journals/corr/KendallGC17.bib},
  bibsource = {dblp computer science bibliography, https://dblp.org}
}

@article{DBLP:journals/corr/YangH16,
	author    = {Yongxin Yang and
	Timothy M. Hospedales},
	title     = {Deep Multi-task Representation Learning: {A} Tensor Factorisation
	Approach},
	journal   = {CoRR},
	volume    = {abs/1605.06391},
	year      = {2016},
	url       = {http://arxiv.org/abs/1605.06391},
	archivePrefix = {arXiv},
	eprint    = {1605.06391},
	timestamp = {Mon, 13 Aug 2018 16:47:18 +0200},
	biburl    = {https://dblp.org/rec/journals/corr/YangH16.bib},
	bibsource = {dblp computer science bibliography, https://dblp.org}
}

@inproceedings{ruder2019latent,
	title={Latent multi-task architecture learning},
	author={Ruder, Sebastian and Bingel, Joachim and Augenstein, Isabelle and S{\o}gaard, Anders},
	booktitle={Proceedings of the AAAI Conference on Artificial Intelligence},
	volume={33},
	pages={4822--4829},
	year={2019}
}


@article{DBLP:journals/corr/abs-1803-10704,
  author    = {Shikun Liu and
               Edward Johns and
               Andrew J. Davison},
  title     = {End-to-End Multi-Task Learning with Attention},
  journal   = {CoRR},
  volume    = {abs/1803.10704},
  year      = {2018},
  url       = {http://arxiv.org/abs/1803.10704},
  archivePrefix = {arXiv},
  eprint    = {1803.10704},
  timestamp = {Mon, 13 Aug 2018 16:47:34 +0200},
  biburl    = {https://dblp.org/rec/journals/corr/abs-1803-10704.bib},
  bibsource = {dblp computer science bibliography, https://dblp.org}
}

@inproceedings{ma2018modeling,
	title={Modeling task relationships in multi-task learning with multi-gate mixture-of-experts},
	author={Ma, Jiaqi and Zhao, Zhe and Yi, Xinyang and Chen, Jilin and Hong, Lichan and Chi, Ed H},
	booktitle={Proceedings of the 24th ACM SIGKDD International Conference on Knowledge Discovery \& Data Mining},
	pages={1930--1939},
	year={2018}
}

% important MTL
@article{caruana1993multitask,
	title={Multitask Learning: A Knowledge-Based Source of Inductive Bias ICML},
	author={Caruana, Rich},
	journal={Google Scholar Google Scholar Digital Library Digital Library},
	year={1993}
}

% soft param sharing
@inproceedings{duong2015low,
	title={Low resource dependency parsing: Cross-lingual parameter sharing in a neural network parser},
	author={Duong, Long and Cohn, Trevor and Bird, Steven and Cook, Paul},
	booktitle={Proceedings of the 53rd Annual Meeting of the Association for Computational Linguistics and the 7th International Joint Conference on Natural Language Processing (Volume 2: Short Papers)},
	pages={845--850},
	year={2015}
}

@article{shazeer2017outrageously,
	title={Outrageously large neural networks: The sparsely-gated mixture-of-experts layer},
	author={Shazeer, Noam and Mirhoseini, Azalia and Maziarz, Krzysztof and Davis, Andy and Le, Quoc and Hinton, Geoffrey and Dean, Jeff},
	journal={arXiv preprint arXiv:1701.06538},
	year={2017}
}

@article{DBLP:journals/corr/SchroffKP15,
  author    = {Florian Schroff and
               Dmitry Kalenichenko and
               James Philbin},
  title     = {FaceNet: {A} Unified Embedding for Face Recognition and Clustering},
  journal   = {CoRR},
  volume    = {abs/1503.03832},
  year      = {2015},
  url       = {http://arxiv.org/abs/1503.03832},
  archivePrefix = {arXiv},
  eprint    = {1503.03832},
  timestamp = {Mon, 13 Aug 2018 16:46:42 +0200},
  biburl    = {https://dblp.org/rec/journals/corr/SchroffKP15.bib},
  bibsource = {dblp computer science bibliography, https://dblp.org}
}



@article{DBLP:journals/corr/ChenCZH17,
  author    = {Weihua Chen and
               Xiaotang Chen and
               Jianguo Zhang and
               Kaiqi Huang},
  title     = {Beyond triplet loss: a deep quadruplet network for person re-identification},
  journal   = {CoRR},
  volume    = {abs/1704.01719},
  year      = {2017},
  url       = {http://arxiv.org/abs/1704.01719},
  archivePrefix = {arXiv},
  eprint    = {1704.01719},
  timestamp = {Mon, 13 Aug 2018 16:49:07 +0200},
  biburl    = {https://dblp.org/rec/journals/corr/ChenCZH17.bib},
  bibsource = {dblp computer science bibliography, https://dblp.org}
}


@inproceedings{bromley1994signature,
	title={Signature verification using a" siamese" time delay neural network},
	author={Bromley, Jane and Guyon, Isabelle and LeCun, Yann and S{\"a}ckinger, Eduard and Shah, Roopak},
	booktitle={Advances in neural information processing systems},
	pages={737--744},
	year={1994}
}


@article{rawal2020synthetic,
	title={Synthetic Petri Dish: A Novel Surrogate Model for Rapid Architecture Search},
	author={Rawal, Aditya and Lehman, Joel and Such, Felipe Petroski and Clune, Jeff and Stanley, Kenneth O},
	journal={arXiv preprint arXiv:2005.13092},
	year={2020}
}
@article{Bahdanau2015NeuralMT,
  title={Neural Machine Translation by Jointly Learning to Align and Translate},
  author={Dzmitry Bahdanau and Kyunghyun Cho and Yoshua Bengio},
  journal={CoRR},
  year={2015},
  volume={abs/1409.0473}
}

@article{Ghorbani2019DermGANSG,
  title={DermGAN: Synthetic Generation of Clinical Skin Images with Pathology},
  author={Amirata Ghorbani and V Natarajan and David Coz and Yuan Liu},
  journal={ArXiv},
  year={2019},
  volume={abs/1911.08716}
}


% seq2seq. nlp encoder + decoder
@article{DBLP:journals/corr/SutskeverVL14,
  author    = {Ilya Sutskever and
               Oriol Vinyals and
               Quoc V. Le},
  title     = {Sequence to Sequence Learning with Neural Networks},
  journal   = {CoRR},
  volume    = {abs/1409.3215},
  year      = {2014},
  url       = {http://arxiv.org/abs/1409.3215},
  archivePrefix = {arXiv},
  eprint    = {1409.3215},
  timestamp = {Mon, 13 Aug 2018 16:48:06 +0200},
  biburl    = {https://dblp.org/rec/journals/corr/SutskeverVL14.bib},
  bibsource = {dblp computer science bibliography, https://dblp.org}
}



@article{DBLP:journals/corr/XuBKCCSZB15,
  author    = {Kelvin Xu and
               Jimmy Ba and
               Ryan Kiros and
               Kyunghyun Cho and
               Aaron C. Courville and
               Ruslan Salakhutdinov and
               Richard S. Zemel and
               Yoshua Bengio},
  title     = {Show, Attend and Tell: Neural Image Caption Generation with Visual
               Attention},
  journal   = {CoRR},
  volume    = {abs/1502.03044},
  year      = {2015},
  url       = {http://arxiv.org/abs/1502.03044},
  archivePrefix = {arXiv},
  eprint    = {1502.03044},
  timestamp = {Mon, 13 Aug 2018 16:47:52 +0200},
  biburl    = {https://dblp.org/rec/journals/corr/XuBKCCSZB15.bib},
  bibsource = {dblp computer science bibliography, https://dblp.org}
}



@article{DBLP:journals/corr/LuongPM15,
  author    = {Minh{-}Thang Luong and
               Hieu Pham and
               Christopher D. Manning},
  title     = {Effective Approaches to Attention-based Neural Machine Translation},
  journal   = {CoRR},
  volume    = {abs/1508.04025},
  year      = {2015},
  url       = {http://arxiv.org/abs/1508.04025},
  archivePrefix = {arXiv},
  eprint    = {1508.04025},
  timestamp = {Mon, 13 Aug 2018 16:46:14 +0200},
  biburl    = {https://dblp.org/rec/journals/corr/LuongPM15.bib},
  bibsource = {dblp computer science bibliography, https://dblp.org}
}



@article{DBLP:journals/corr/BritzGLL17,
  author    = {Denny Britz and
               Anna Goldie and
               Minh{-}Thang Luong and
               Quoc V. Le},
  title     = {Massive Exploration of Neural Machine Translation Architectures},
  journal   = {CoRR},
  volume    = {abs/1703.03906},
  year      = {2017},
  url       = {http://arxiv.org/abs/1703.03906},
  archivePrefix = {arXiv},
  eprint    = {1703.03906},
  timestamp = {Mon, 13 Aug 2018 16:46:07 +0200},
  biburl    = {https://dblp.org/rec/journals/corr/BritzGLL17.bib},
  bibsource = {dblp computer science bibliography, https://dblp.org}
}



@article{DBLP:journals/corr/VaswaniSPUJGKP17,
  author    = {Ashish Vaswani and
               Noam Shazeer and
               Niki Parmar and
               Jakob Uszkoreit and
               Llion Jones and
               Aidan N. Gomez and
               Lukasz Kaiser and
               Illia Polosukhin},
  title     = {Attention Is All You Need},
  journal   = {CoRR},
  volume    = {abs/1706.03762},
  year      = {2017},
  url       = {http://arxiv.org/abs/1706.03762},
  archivePrefix = {arXiv},
  eprint    = {1706.03762},
  timestamp = {Mon, 13 Aug 2018 16:48:37 +0200},
  biburl    = {https://dblp.org/rec/journals/corr/VaswaniSPUJGKP17.bib},
  bibsource = {dblp computer science bibliography, https://dblp.org}
}



@article{DBLP:journals/corr/ChengDL16,
  author    = {Jianpeng Cheng and
               Li Dong and
               Mirella Lapata},
  title     = {Long Short-Term Memory-Networks for Machine Reading},
  journal   = {CoRR},
  volume    = {abs/1601.06733},
  year      = {2016},
  url       = {http://arxiv.org/abs/1601.06733},
  archivePrefix = {arXiv},
  eprint    = {1601.06733},
  timestamp = {Mon, 13 Aug 2018 16:48:39 +0200},
  biburl    = {https://dblp.org/rec/journals/corr/ChengDL16.bib},
  bibsource = {dblp computer science bibliography, https://dblp.org}
}



@article{DBLP:journals/corr/GravesWD14,
  author    = {Alex Graves and
               Greg Wayne and
               Ivo Danihelka},
  title     = {Neural Turing Machines},
  journal   = {CoRR},
  volume    = {abs/1410.5401},
  year      = {2014},
  url       = {http://arxiv.org/abs/1410.5401},
  archivePrefix = {arXiv},
  eprint    = {1410.5401},
  timestamp = {Mon, 13 Aug 2018 16:46:28 +0200},
  biburl    = {https://dblp.org/rec/journals/corr/GravesWD14.bib},
  bibsource = {dblp computer science bibliography, https://dblp.org}
}


@article{Vinyals2015PointerN,
  title={Pointer Networks},
  author={Oriol Vinyals and Meire Fortunato and Navdeep Jaitly},
  journal={ArXiv},
  year={2015},
  volume={abs/1506.03134}
}

@article{Zhang2019SelfAttentionGA,
  title={Self-Attention Generative Adversarial Networks},
  author={Han Zhang and Ian J. Goodfellow and Dimitris N. Metaxas and Augustus Odena},
  journal={ArXiv},
  year={2019},
  volume={abs/1805.08318}
}

@article{Radford2015UnsupervisedRL,
  title={Unsupervised Representation Learning with Deep Convolutional Generative Adversarial Networks},
  author={Alec Radford and Luke Metz and Soumith Chintala},
  journal={CoRR},
  year={2015},
  volume={abs/1511.06434}
}


@article{DBLP:journals/corr/abs-1711-07971,
  author    = {Xiaolong Wang and
               Ross B. Girshick and
               Abhinav Gupta and
               Kaiming He},
  title     = {Non-local Neural Networks},
  journal   = {CoRR},
  volume    = {abs/1711.07971},
  year      = {2017},
  url       = {http://arxiv.org/abs/1711.07971},
  archivePrefix = {arXiv},
  eprint    = {1711.07971},
  timestamp = {Fri, 05 Apr 2019 07:29:46 +0200},
  biburl    = {https://dblp.org/rec/journals/corr/abs-1711-07971.bib},
  bibsource = {dblp computer science bibliography, https://dblp.org}
}


@article{weng2018attention,
	title   = "Attention? Attention!",
	author  = "Weng, Lilian",
	journal = "lilianweng.github.io/lil-log",
	year    = "2018",
	url     = "http://lilianweng.github.io/lil-log/2018/06/24/attention-attention.html"
}


@article{DBLP:journals/corr/abs-1803-03635,
  author    = {Jonathan Frankle and
               Michael Carbin},
  title     = {The Lottery Ticket Hypothesis: Training Pruned Neural Networks},
  journal   = {CoRR},
  volume    = {abs/1803.03635},
  year      = {2018},
  url       = {http://arxiv.org/abs/1803.03635},
  archivePrefix = {arXiv},
  eprint    = {1803.03635},
  timestamp = {Mon, 13 Aug 2018 16:48:29 +0200},
  biburl    = {https://dblp.org/rec/journals/corr/abs-1803-03635.bib},
  bibsource = {dblp computer science bibliography, https://dblp.org}
}



@article{DBLP:journals/corr/abs-1810-02340,
  author    = {Namhoon Lee and
               Thalaiyasingam Ajanthan and
               Philip H. S. Torr},
  title     = {{SNIP:} Single-shot Network Pruning based on Connection Sensitivity},
  journal   = {CoRR},
  volume    = {abs/1810.02340},
  year      = {2018},
  url       = {http://arxiv.org/abs/1810.02340},
  archivePrefix = {arXiv},
  eprint    = {1810.02340},
  timestamp = {Tue, 30 Oct 2018 10:49:09 +0100},
  biburl    = {https://dblp.org/rec/journals/corr/abs-1810-02340.bib},
  bibsource = {dblp computer science bibliography, https://dblp.org}
}



@article{DBLP:journals/corr/abs-1903-01611,
  author    = {Jonathan Frankle and
               Gintare Karolina Dziugaite and
               Daniel M. Roy and
               Michael Carbin},
  title     = {The Lottery Ticket Hypothesis at Scale},
  journal   = {CoRR},
  volume    = {abs/1903.01611},
  year      = {2019},
  url       = {http://arxiv.org/abs/1903.01611},
  archivePrefix = {arXiv},
  eprint    = {1903.01611},
  timestamp = {Sat, 30 Mar 2019 19:27:21 +0100},
  biburl    = {https://dblp.org/rec/journals/corr/abs-1903-01611.bib},
  bibsource = {dblp computer science bibliography, https://dblp.org}
}


@article{Renda2020ComparingRA,
  title={Comparing Rewinding and Fine-tuning in Neural Network Pruning},
  author={Alex Renda and Jonathan Frankle and Michael Carbin},
  journal={ArXiv},
  year={2020},
  volume={abs/2003.02389}
}


@article{DBLP:journals/corr/abs-1905-01067,
  author    = {Hattie Zhou and
               Janice Lan and
               Rosanne Liu and
               Jason Yosinski},
  title     = {Deconstructing Lottery Tickets: Zeros, Signs, and the Supermask},
  journal   = {CoRR},
  volume    = {abs/1905.01067},
  year      = {2019},
  url       = {http://arxiv.org/abs/1905.01067},
  archivePrefix = {arXiv},
  eprint    = {1905.01067},
  timestamp = {Mon, 27 May 2019 13:15:00 +0200},
  biburl    = {https://dblp.org/rec/journals/corr/abs-1905-01067.bib},
  bibsource = {dblp computer science bibliography, https://dblp.org}
}


@article{Frankle2020TheEP,
  title={The Early Phase of Neural Network Training},
  author={Jonathan Frankle and David J. Schwab and Ari S. Morcos},
  journal={ArXiv},
  year={2020},
  volume={abs/2002.10365}
}


@article{DBLP:journals/corr/abs-1906-04358,
  author    = {Adam Gaier and
               David Ha},
  title     = {Weight Agnostic Neural Networks},
  journal   = {CoRR},
  volume    = {abs/1906.04358},
  year      = {2019},
  url       = {http://arxiv.org/abs/1906.04358},
  archivePrefix = {arXiv},
  eprint    = {1906.04358},
  timestamp = {Fri, 14 Jun 2019 09:38:24 +0200},
  biburl    = {https://dblp.org/rec/journals/corr/abs-1906-04358.bib},
  bibsource = {dblp computer science bibliography, https://dblp.org}
}


@article{You2020DrawingET,
  title={Drawing early-bird tickets: Towards more efficient training of deep networks},
  author={Haoran You and Chaojian Li and Pengfei Xu and Yonggan Fu and Yue Wang and Xiaohan Chen and Yingyan Lin and Zhangyang Wang and Richard Baraniuk},
  journal={ArXiv},
  year={2020},
  volume={abs/1909.11957}
}

@inproceedings{Rahaman2019OnTS,
  title={On the Spectral Bias of Neural Networks},
  author={Nasim Rahaman and Aristide Baratin and Devansh Arpit and Felix Dr{\"a}xler and Min Lin and Fred A. Hamprecht and Yoshua Bengio and Aaron C. Courville},
  booktitle={ICML},
  year={2019}
}

@article{Saxe2013ExactST,
  title={Exact solutions to the nonlinear dynamics of learning in deep linear neural networks},
  author={Andrew M. Saxe and James L. McClelland and Surya Ganguli},
  journal={CoRR},
  year={2013},
  volume={abs/1312.6120}
}

@article{Tanaka2020PruningNN,
  title={Pruning neural networks without any data by iteratively conserving synaptic flow},
  author={Hidenori Tanaka and Daniel Kunin and Daniel L. K. Yamins and Surya Ganguli},
  journal={ArXiv},
  year={2020},
  volume={abs/2006.05467}
}

@inproceedings{Morcos2019OneTT,
  title={One ticket to win them all: generalizing lottery ticket initializations across datasets and optimizers},
  author={Ari S. Morcos and Haonan Yu and Michela Paganini and Yuandong Tian},
  booktitle={NeurIPS},
  year={2019}
}

@article{Yu2020PlayingTL,
  title={Playing the lottery with rewards and multiple languages: lottery tickets in RL and NLP},
  author={Haonan Yu and Sergey Edunov and Yuandong Tian and Ari S. Morcos},
  journal={ArXiv},
  year={2020},
  volume={abs/1906.02768}
}


@article{DBLP:journals/corr/abs-1906-02629,
  author    = {Rafael M{\"{u}}ller and
               Simon Kornblith and
               Geoffrey E. Hinton},
  title     = {When Does Label Smoothing Help?},
  journal   = {CoRR},
  volume    = {abs/1906.02629},
  year      = {2019},
  url       = {http://arxiv.org/abs/1906.02629},
  archivePrefix = {arXiv},
  eprint    = {1906.02629},
  timestamp = {Thu, 13 Jun 2019 13:36:00 +0200},
  biburl    = {https://dblp.org/rec/journals/corr/abs-1906-02629.bib},
  bibsource = {dblp computer science bibliography, https://dblp.org}
}



@article{DBLP:journals/corr/PereyraTCKH17,
  author    = {Gabriel Pereyra and
               George Tucker and
               Jan Chorowski and
               Lukasz Kaiser and
               Geoffrey E. Hinton},
  title     = {Regularizing Neural Networks by Penalizing Confident Output Distributions},
  journal   = {CoRR},
  volume    = {abs/1701.06548},
  year      = {2017},
  url       = {http://arxiv.org/abs/1701.06548},
  archivePrefix = {arXiv},
  eprint    = {1701.06548},
  timestamp = {Mon, 13 Aug 2018 16:48:27 +0200},
  biburl    = {https://dblp.org/rec/journals/corr/PereyraTCKH17.bib},
  bibsource = {dblp computer science bibliography, https://dblp.org}
}



@article{DBLP:journals/corr/GuoPSW17,
  author    = {Chuan Guo and
               Geoff Pleiss and
               Yu Sun and
               Kilian Q. Weinberger},
  title     = {On Calibration of Modern Neural Networks},
  journal   = {CoRR},
  volume    = {abs/1706.04599},
  year      = {2017},
  url       = {http://arxiv.org/abs/1706.04599},
  archivePrefix = {arXiv},
  eprint    = {1706.04599},
  timestamp = {Sat, 15 Dec 2018 13:25:36 +0100},
  biburl    = {https://dblp.org/rec/journals/corr/GuoPSW17.bib},
  bibsource = {dblp computer science bibliography, https://dblp.org}
}


@inproceedings{Bansal2020DoesTW,
  title={Does the Whole Exceed its Parts? The Effect of AI Explanations on Complementary Team Performance},
  author={Gagan Bansal and Tongshuang Wu and Joyce Zhu and Raymond Fok and Besmira Nushi and Ece Kamar and Marco T{\'u}lio Ribeiro and Daniel S. Weld},
  year={2020}
}


@article{DBLP:journals/corr/abs-1810-03993,
  author    = {Margaret Mitchell and
               Simone Wu and
               Andrew Zaldivar and
               Parker Barnes and
               Lucy Vasserman and
               Ben Hutchinson and
               Elena Spitzer and
               Inioluwa Deborah Raji and
               Timnit Gebru},
  title     = {Model Cards for Model Reporting},
  journal   = {CoRR},
  volume    = {abs/1810.03993},
  year      = {2018},
  url       = {http://arxiv.org/abs/1810.03993},
  archivePrefix = {arXiv},
  eprint    = {1810.03993},
  timestamp = {Tue, 30 Oct 2018 20:39:56 +0100},
  biburl    = {https://dblp.org/rec/journals/corr/abs-1810-03993.bib},
  bibsource = {dblp computer science bibliography, https://dblp.org}
}


@article{Du2019SpineNetLS,
  title={SpineNet: Learning Scale-Permuted Backbone for Recognition and Localization},
  author={Xianzhi Du and Tsung-Yi Lin and Pengchong Jin and Golnaz Ghiasi and Mingxing Tan and Yin Cui and Quoc V. Le and Xiaodan Song},
  journal={ArXiv},
  year={2019},
  volume={abs/1912.05027}
}

@article{Nado2020EvaluatingPB,
  title={Evaluating Prediction-Time Batch Normalization for Robustness under Covariate Shift},
  author={Zachary Nado and Shreyas Padhy and D. Sculley and Alexander D'Amour and Balaji Lakshminarayanan and Jasper Snoek},
  journal={ArXiv},
  year={2020},
  volume={abs/2006.10963}
}

@article{Wortsman2020SupermasksIS,
  title={Supermasks in Superposition},
  author={Mitchell Wortsman and Vivek Ramanujan and Rosanne Liu and Aniruddha Kembhavi and Mohammad Rastegari and Jason Yosinski and Ali Farhadi},
  journal={ArXiv},
  year={2020},
  volume={abs/2006.14769}
}

@inproceedings{Chuang2020DebiasedCL,
  title={Debiased Contrastive Learning},
  author={Ching-Yao Chuang and Joshua A Robinson and Lin Yen‐Chen and Antonio Torralba and Stefanie Jegelka},
  year={2020}
}

@article{Grill2020BootstrapYO,
  title={Bootstrap Your Own Latent: A New Approach to Self-Supervised Learning},
  author={Jean-Bastien Grill and Florian Strub and Florent Altch{\'e} and Corentin Tallec and Pierre H. Richemond and Elena Buchatskaya and Carl Doersch and Bernardo Avila Pires and Zhaohan Daniel Guo and Mohammad Gheshlaghi Azar and Bilal Piot and Koray Kavukcuoglu and R{\'e}mi Munos and Michal Valko},
  journal={ArXiv},
  year={2020},
  volume={abs/2006.07733}
}

@article{Vig2020BERTologyMB,
  title={BERTology Meets Biology: Interpreting Attention in Protein Language Models},
  author={Jesse Vig and Ali Madani and Lav R. Varshney and Caiming Xiong and Richard Socher and Nazneen Fatema Rajani},
  journal={bioRxiv},
  year={2020}
}


@article{DBLP:journals/corr/abs-1904-10509,
  author    = {Rewon Child and
               Scott Gray and
               Alec Radford and
               Ilya Sutskever},
  title     = {Generating Long Sequences with Sparse Transformers},
  journal   = {CoRR},
  volume    = {abs/1904.10509},
  year      = {2019},
  url       = {http://arxiv.org/abs/1904.10509},
  archivePrefix = {arXiv},
  eprint    = {1904.10509},
  timestamp = {Thu, 02 May 2019 15:13:44 +0200},
  biburl    = {https://dblp.org/rec/journals/corr/abs-1904-10509.bib},
  bibsource = {dblp computer science bibliography, https://dblp.org}
}



@article{DBLP:journals/corr/abs-1901-02860,
  author    = {Zihang Dai and
               Zhilin Yang and
               Yiming Yang and
               Jaime G. Carbonell and
               Quoc V. Le and
               Ruslan Salakhutdinov},
  title     = {Transformer-XL: Attentive Language Models Beyond a Fixed-Length Context},
  journal   = {CoRR},
  volume    = {abs/1901.02860},
  year      = {2019},
  url       = {http://arxiv.org/abs/1901.02860},
  archivePrefix = {arXiv},
  eprint    = {1901.02860},
  timestamp = {Fri, 01 Feb 2019 13:39:59 +0100},
  biburl    = {https://dblp.org/rec/journals/corr/abs-1901-02860.bib},
  bibsource = {dblp computer science bibliography, https://dblp.org}
}


@article{Rae2020CompressiveTF,
  title={Compressive Transformers for Long-Range Sequence Modelling},
  author={Jack W. Rae and Anna Potapenko and Siddhant M. Jayakumar and Timothy P. Lillicrap},
  journal={ArXiv},
  year={2020},
  volume={abs/1911.05507}
}

@article{Katharopoulos2020TransformersAR,
  title={Transformers are RNNs: Fast Autoregressive Transformers with Linear Attention},
  author={Angelos Katharopoulos and Apoorv Vyas and Nikolaos Pappas and Franccois Fleuret},
  journal={ArXiv},
  year={2020},
  volume={abs/2006.16236}
}

@article{Qi2020DeepIL,
  title={Deep Isometric Learning for Visual Recognition},
  author={Haozhi Qi and Chong You and Xiaolong Wang and Yi Ma and Jagannath Malik},
  journal={ArXiv},
  year={2020},
  volume={abs/2006.16992}
}

@article{Nikolenko2019SyntheticDF,
  title={Synthetic Data for Deep Learning},
  author={Sergey I. Nikolenko},
  journal={ArXiv},
  year={2019},
  volume={abs/1909.11512}
}

@article{Lewkowycz2020TheLL,
  title={The large learning rate phase of deep learning: the catapult mechanism},
  author={Aitor Lewkowycz and Yasaman Bahri and Ethan Dyer and Jascha Sohl-Dickstein and Guy Gur-Ari},
  journal={ArXiv},
  year={2020},
  volume={abs/2003.02218}
}

@article{Cordonnier2020MultiHeadAC,
  title={Multi-Head Attention: Collaborate Instead of Concatenate},
  author={Jean-Baptiste Cordonnier and Andreas Loukas and Martin Jaggi},
  journal={ArXiv},
  year={2020},
  volume={abs/2006.16362}
}

@article{Lepikhin2020GShardSG,
  title={GShard: Scaling Giant Models with Conditional Computation and Automatic Sharding},
  author={Dmitry Lepikhin and HyoukJoong Lee and Yuanzhong Xu and Dehao Chen and Orhan Firat and Yan-Ping Huang and Maxim Krikun and Noam Shazeer and Zhifeng Chen},
  journal={ArXiv},
  year={2020},
  volume={abs/2006.16668}
}

@article{Locatello2020ObjectCentricLW,
  title={Object-Centric Learning with Slot Attention},
  author={Francesco Locatello and Dirk Weissenborn and Thomas Unterthiner and Aravindh Mahendran and Georg Heigold and Jakob Uszkoreit and Alexey Dosovitskiy and Thomas Kipf},
  journal={ArXiv},
  year={2020},
  volume={abs/2006.15055}
}

@article{Goyal2019RecurrentIM,
  title={Recurrent Independent Mechanisms},
  author={Anirudh Goyal and Alex Lamb and Jordan Hoffmann and Shagun Sodhani and Sergey Levine and Yoshua Bengio and Bernhard Sch{\"o}lkopf},
  journal={ArXiv},
  year={2019},
  volume={abs/1909.10893}
}

@article{Carion2020EndtoEndOD,
  title={End-to-End Object Detection with Transformers},
  author={Nicolas Carion and F. Massa and Gabriel Synnaeve and Nicolas Usunier and Alexander M Kirillov and Sergey Zagoruyko},
  journal={ArXiv},
  year={2020},
  volume={abs/2005.12872}
}

@article{Ke2020RethinkingPE,
  title={Rethinking Positional Encoding in Language Pre-training},
  author={Guolin Ke and Di He and Tie-Yan Liu},
  journal={ArXiv},
  year={2020},
  volume={abs/2006.15595}
}

@article{Kitaev2020ReformerTE,
  title={Reformer: The Efficient Transformer},
  author={Nikita Kitaev and Lukasz Kaiser and Anselm Levskaya},
  journal={ArXiv},
  year={2020},
  volume={abs/2001.04451}
}


@article{DBLP:journals/corr/abs-1904-03011,
  author    = {Gjorgji Strezoski and
               Nanne van Noord and
               Marcel Worring},
  title     = {Learning Task Relatedness in Multi-Task Learning for Images in Context},
  journal   = {CoRR},
  volume    = {abs/1904.03011},
  year      = {2019},
  url       = {http://arxiv.org/abs/1904.03011},
  archivePrefix = {arXiv},
  eprint    = {1904.03011},
  timestamp = {Wed, 24 Apr 2019 12:21:25 +0200},
  biburl    = {https://dblp.org/rec/journals/corr/abs-1904-03011.bib},
  bibsource = {dblp computer science bibliography, https://dblp.org}
}


@article{Kirillov2019PointRendIS,
  title={PointRend: Image Segmentation as Rendering},
  author={Alexander M Kirillov and Yuxin Wu and Kaiming He and Ross B. Girshick},
  journal={ArXiv},
  year={2019},
  volume={abs/1912.08193}
}


@article{DBLP:journals/corr/abs-1812-01187,
  author    = {Tong He and
               Zhi Zhang and
               Hang Zhang and
               Zhongyue Zhang and
               Junyuan Xie and
               Mu Li},
  title     = {Bag of Tricks for Image Classification with Convolutional Neural Networks},
  journal   = {CoRR},
  volume    = {abs/1812.01187},
  year      = {2018},
  url       = {http://arxiv.org/abs/1812.01187},
  archivePrefix = {arXiv},
  eprint    = {1812.01187},
  timestamp = {Wed, 02 Jan 2019 08:15:14 +0100},
  biburl    = {https://dblp.org/rec/journals/corr/abs-1812-01187.bib},
  bibsource = {dblp computer science bibliography, https://dblp.org}
}



@article{DBLP:journals/corr/abs-1901-06032,
  author    = {Asifullah Khan and
               Anabia Sohail and
               Umme Zahoora and
               Aqsa Saeed Qureshi},
  title     = {A Survey of the Recent Architectures of Deep Convolutional Neural
               Networks},
  journal   = {CoRR},
  volume    = {abs/1901.06032},
  year      = {2019},
  url       = {http://arxiv.org/abs/1901.06032},
  archivePrefix = {arXiv},
  eprint    = {1901.06032},
  timestamp = {Fri, 01 Feb 2019 13:39:59 +0100},
  biburl    = {https://dblp.org/rec/journals/corr/abs-1901-06032.bib},
  bibsource = {dblp computer science bibliography, https://dblp.org}
}


% training stages
@article{DBLP:journals/corr/abs-1711-08856,
  author    = {Alessandro Achille and
               Matteo Rovere and
               Stefano Soatto},
  title     = {Critical Learning Periods in Deep Neural Networks},
  journal   = {CoRR},
  volume    = {abs/1711.08856},
  year      = {2017},
  url       = {http://arxiv.org/abs/1711.08856},
  archivePrefix = {arXiv},
  eprint    = {1711.08856},
  timestamp = {Mon, 13 Aug 2018 16:48:20 +0200},
  biburl    = {https://dblp.org/rec/journals/corr/abs-1711-08856.bib},
  bibsource = {dblp computer science bibliography, https://dblp.org}
}


% training stages
% NOTE: title doesn't quite match here
@article{jiang2020exploring,
	title={Exploring the Memorization-Generalization Continuum in Deep Learning},
	author={Jiang, Ziheng and Zhang, Chiyuan and Talwar, Kunal and Mozer, Michael C},
	journal={arXiv preprint arXiv:2002.03206},
	year={2020}
}

% training stages
@article{mangalam2019deep,
	title={Do deep neural networks learn shallow learnable examples first?},
	author={Mangalam, Karttikeya and Prabhu, Vinay Uday},
	year={2019}
}

@article{Szegedy2014IntriguingPO,
  title={Intriguing properties of neural networks},
  author={Christian Szegedy and Wojciech Zaremba and Ilya Sutskever and Joan Bruna and Dumitru Erhan and Ian J. Goodfellow and Rob Fergus},
  journal={CoRR},
  year={2014},
  volume={abs/1312.6199}
}


@article{DBLP:journals/corr/NguyenYC14,
  author    = {Anh Mai Nguyen and
               Jason Yosinski and
               Jeff Clune},
  title     = {Deep Neural Networks are Easily Fooled: High Confidence Predictions
               for Unrecognizable Images},
  journal   = {CoRR},
  volume    = {abs/1412.1897},
  year      = {2014},
  url       = {http://arxiv.org/abs/1412.1897},
  archivePrefix = {arXiv},
  eprint    = {1412.1897},
  timestamp = {Mon, 13 Aug 2018 16:48:10 +0200},
  biburl    = {https://dblp.org/rec/journals/corr/NguyenYC14.bib},
  bibsource = {dblp computer science bibliography, https://dblp.org}
}


@article{Goodfellow2015ExplainingAH,
  title={Explaining and Harnessing Adversarial Examples},
  author={Ian J. Goodfellow and Jonathon Shlens and Christian Szegedy},
  journal={CoRR},
  year={2015},
  volume={abs/1412.6572}
}

@article{Gu2015TowardsDN,
  title={Towards Deep Neural Network Architectures Robust to Adversarial Examples},
  author={Shixiang Gu and Luca Rigazio},
  journal={CoRR},
  year={2015},
  volume={abs/1412.5068}
}


@article{DBLP:journals/corr/abs-1810-00069,
  author    = {Anirban Chakraborty and
               Manaar Alam and
               Vishal Dey and
               Anupam Chattopadhyay and
               Debdeep Mukhopadhyay},
  title     = {Adversarial Attacks and Defences: {A} Survey},
  journal   = {CoRR},
  volume    = {abs/1810.00069},
  year      = {2018},
  url       = {http://arxiv.org/abs/1810.00069},
  archivePrefix = {arXiv},
  eprint    = {1810.00069},
  timestamp = {Tue, 17 Sep 2019 14:15:24 +0200},
  biburl    = {https://dblp.org/rec/journals/corr/abs-1810-00069.bib},
  bibsource = {dblp computer science bibliography, https://dblp.org}
}



@article{DBLP:journals/corr/CarliniW16a,
  author    = {Nicholas Carlini and
               David A. Wagner},
  title     = {Towards Evaluating the Robustness of Neural Networks},
  journal   = {CoRR},
  volume    = {abs/1608.04644},
  year      = {2016},
  url       = {http://arxiv.org/abs/1608.04644},
  archivePrefix = {arXiv},
  eprint    = {1608.04644},
  timestamp = {Mon, 13 Aug 2018 16:46:14 +0200},
  biburl    = {https://dblp.org/rec/journals/corr/CarliniW16a.bib},
  bibsource = {dblp computer science bibliography, https://dblp.org}
}


@article{Madry2018TowardsDL,
  title={Towards Deep Learning Models Resistant to Adversarial Attacks},
  author={Aleksander Madry and Aleksandar Makelov and Ludwig Schmidt and Dimitris Tsipras and Adrian Vladu},
  journal={ArXiv},
  year={2018},
  volume={abs/1706.06083}
}

@article{Nakkiran2020DeepDD,
  title={Deep Double Descent: Where Bigger Models and More Data Hurt},
  author={Preetum Nakkiran and Gal Kaplun and Yamini Bansal and Tristan Yang and Boaz Barak and Ilya Sutskever},
  journal={ArXiv},
  year={2020},
  volume={abs/1912.02292}
}

@article{Kalchbrenner2016GridLS,
  title={Grid Long Short-Term Memory},
  author={Nal Kalchbrenner and Ivo Danihelka and Alex Graves},
  journal={CoRR},
  year={2016},
  volume={abs/1507.01526}
}


@article{DBLP:journals/corr/YaoCVDD15,
  author    = {Kaisheng Yao and
               Trevor Cohn and
               Katerina Vylomova and
               Kevin Duh and
               Chris Dyer},
  title     = {Depth-Gated {LSTM}},
  journal   = {CoRR},
  volume    = {abs/1508.03790},
  year      = {2015},
  url       = {http://arxiv.org/abs/1508.03790},
  archivePrefix = {arXiv},
  eprint    = {1508.03790},
  timestamp = {Mon, 13 Aug 2018 16:47:05 +0200},
  biburl    = {https://dblp.org/rec/journals/corr/YaoCVDD15.bib},
  bibsource = {dblp computer science bibliography, https://dblp.org}
}



@article{DBLP:journals/corr/KoutnikGGS14,
  author    = {Jan Koutn{\'{\i}}k and
               Klaus Greff and
               Faustino J. Gomez and
               J{\"{u}}rgen Schmidhuber},
  title     = {A Clockwork {RNN}},
  journal   = {CoRR},
  volume    = {abs/1402.3511},
  year      = {2014},
  url       = {http://arxiv.org/abs/1402.3511},
  archivePrefix = {arXiv},
  eprint    = {1402.3511},
  timestamp = {Mon, 13 Aug 2018 16:46:50 +0200},
  biburl    = {https://dblp.org/rec/journals/corr/KoutnikGGS14.bib},
  bibsource = {dblp computer science bibliography, https://dblp.org}
}



@article{DBLP:journals/corr/GreffSKSS15,
  author    = {Klaus Greff and
               Rupesh Kumar Srivastava and
               Jan Koutn{\'{\i}}k and
               Bas R. Steunebrink and
               J{\"{u}}rgen Schmidhuber},
  title     = {{LSTM:} {A} Search Space Odyssey},
  journal   = {CoRR},
  volume    = {abs/1503.04069},
  year      = {2015},
  url       = {http://arxiv.org/abs/1503.04069},
  archivePrefix = {arXiv},
  eprint    = {1503.04069},
  timestamp = {Mon, 13 Aug 2018 16:46:33 +0200},
  biburl    = {https://dblp.org/rec/journals/corr/GreffSKSS15.bib},
  bibsource = {dblp computer science bibliography, https://dblp.org}
}


@article{Li2020BackdoorLA,
  title={Backdoor Learning: A Survey},
  author={Yiming Li and Baoyuan Wu and Yong Jiang and Zhifeng Li and Shu-Tao Xia},
  journal={ArXiv},
  year={2020},
  volume={abs/2007.08745}
}


@article{DBLP:journals/corr/abs-1708-06733,
  author    = {Tianyu Gu and
               Brendan Dolan{-}Gavitt and
               Siddharth Garg},
  title     = {BadNets: Identifying Vulnerabilities in the Machine Learning Model
               Supply Chain},
  journal   = {CoRR},
  volume    = {abs/1708.06733},
  year      = {2017},
  url       = {http://arxiv.org/abs/1708.06733},
  archivePrefix = {arXiv},
  eprint    = {1708.06733},
  timestamp = {Mon, 13 Aug 2018 16:49:00 +0200},
  biburl    = {https://dblp.org/rec/journals/corr/abs-1708-06733.bib},
  bibsource = {dblp computer science bibliography, https://dblp.org}
}


@article{Kairouz2019AdvancesAO,
  title={Advances and Open Problems in Federated Learning},
  author={Peter Kairouz and H. Brendan McMahan and Brendan Avent and Aur{\'e}lien Bellet and Mehdi Bennis and Arjun Nitin Bhagoji and Keith Bonawitz and Zachary Charles and Graham Cormode and Rachel Cummings and Rafael G. L. D'Oliveira and Salim El Rouayheb and David Evans and Josh Gardner and Zachary A. Garrett and Adri{\`a} Gasc{\'o}n and Badih Ghazi and Phillip B. Gibbons and Marco Gruteser and Za{\"i}d Harchaoui and Chaoyang He and Lie He and Zhouyuan Huo and Ben Hutchinson and Justin Hsu and Martin Jaggi and Tara Javidi and Gauri Joshi and Mikhail Khodak and Jakub Konecn{\'y} and Aleksandra Korolova and Farinaz Koushanfar and Oluwasanmi Koyejo and Tancr{\`e}de Lepoint and Yang Liu and Prateek Mittal and Mehryar Mohri and Richard Nock and Ayfer {\"O}zg{\"u}r and Rasmus Pagh and Mariana Raykova and Hang Qi and Daniel Ramage and Ramesh Raskar and Dawn Xiaodong Song and Weikang Song and Sebastian U. Stich and Ziteng Sun and Ananda Theertha Suresh and Florian Tram{\`e}r and Praneeth Vepakomma and Jianyu Wang and Li Xiong and Zheng Xu and Qiang Yang and Felix X. Yu and Han Yu and Sen Zhao},
  journal={ArXiv},
  year={2019},
  volume={abs/1912.04977}
}


@article{DBLP:journals/corr/abs-1802-04633,
  author    = {Yossi Adi and
               Carsten Baum and
               Moustapha Ciss{\'{e}} and
               Benny Pinkas and
               Joseph Keshet},
  title     = {Turning Your Weakness Into a Strength: Watermarking Deep Neural Networks
               by Backdooring},
  journal   = {CoRR},
  volume    = {abs/1802.04633},
  year      = {2018},
  url       = {http://arxiv.org/abs/1802.04633},
  archivePrefix = {arXiv},
  eprint    = {1802.04633},
  timestamp = {Mon, 13 Aug 2018 16:47:31 +0200},
  biburl    = {https://dblp.org/rec/journals/corr/abs-1802-04633.bib},
  bibsource = {dblp computer science bibliography, https://dblp.org}
}


@article{Sommer2020TowardsPV,
  title={Towards Probabilistic Verification of Machine Unlearning},
  author={David M. Sommer and Liwei Song and Sameer Wagh and Prateek Mittal},
  journal={ArXiv},
  year={2020},
  volume={abs/2003.04247}
}


@article{DBLP:journals/corr/abs-1812-03128,
  author    = {Jacob Dumford and
               Walter J. Scheirer},
  title     = {Backdooring Convolutional Neural Networks via Targeted Weight Perturbations},
  journal   = {CoRR},
  volume    = {abs/1812.03128},
  year      = {2018},
  url       = {http://arxiv.org/abs/1812.03128},
  archivePrefix = {arXiv},
  eprint    = {1812.03128},
  timestamp = {Tue, 01 Jan 2019 15:01:25 +0100},
  biburl    = {https://dblp.org/rec/journals/corr/abs-1812-03128.bib},
  bibsource = {dblp computer science bibliography, https://dblp.org}
}



@article{DBLP:journals/corr/SelvarajuDVCPB16,
  author    = {Ramprasaath R. Selvaraju and
               Abhishek Das and
               Ramakrishna Vedantam and
               Michael Cogswell and
               Devi Parikh and
               Dhruv Batra},
  title     = {Grad-CAM: Why did you say that? Visual Explanations from Deep Networks
               via Gradient-based Localization},
  journal   = {CoRR},
  volume    = {abs/1610.02391},
  year      = {2016},
  url       = {http://arxiv.org/abs/1610.02391},
  archivePrefix = {arXiv},
  eprint    = {1610.02391},
  timestamp = {Mon, 13 Aug 2018 16:46:58 +0200},
  biburl    = {https://dblp.org/rec/journals/corr/SelvarajuDVCPB16.bib},
  bibsource = {dblp computer science bibliography, https://dblp.org}
}


@article{Molchanov2020GreedyPS,
  title={Greedy Policy Search: A Simple Baseline for Learnable Test-Time Augmentation},
  author={Dmitry Molchanov and Alexander Lyzhov and Yuliya Molchanova and Arsenii Ashukha and Dmitry P. Vetrov},
  journal={ArXiv},
  year={2020},
  volume={abs/2002.09103}
}


@article{DBLP:journals/corr/ZeilerF13,
  author    = {Matthew D. Zeiler and
               Rob Fergus},
  title     = {Visualizing and Understanding Convolutional Networks},
  journal   = {CoRR},
  volume    = {abs/1311.2901},
  year      = {2013},
  url       = {http://arxiv.org/abs/1311.2901},
  archivePrefix = {arXiv},
  eprint    = {1311.2901},
  timestamp = {Mon, 13 Aug 2018 16:48:37 +0200},
  biburl    = {https://dblp.org/rec/journals/corr/ZeilerF13.bib},
  bibsource = {dblp computer science bibliography, https://dblp.org}
}


@article{Wang2020KnowledgeDA,
  title={Knowledge Distillation and Student-Teacher Learning for Visual Intelligence: A Review and New Outlooks},
  author={Lin Wang and Kuk-Jin Yoon},
  journal={ArXiv},
  year={2020},
  volume={abs/2004.05937}
}

@article{Wang2020BayesianOF,
  title={Bayesian Optimization for Selecting Efficient Machine Learning Models},
  author={Lidan Wang and Franck Dernoncourt and Trung Bui},
  journal={ArXiv},
  year={2020},
  volume={abs/2008.00386}
}


@article{DBLP:journals/corr/abs-1802-07569,
  author    = {German Ignacio Parisi and
               Ronald Kemker and
               Jose L. Part and
               Christopher Kanan and
               Stefan Wermter},
  title     = {Continual Lifelong Learning with Neural Networks: {A} Review},
  journal   = {CoRR},
  volume    = {abs/1802.07569},
  year      = {2018},
  url       = {http://arxiv.org/abs/1802.07569},
  archivePrefix = {arXiv},
  eprint    = {1802.07569},
  timestamp = {Mon, 13 Aug 2018 16:46:54 +0200},
  biburl    = {https://dblp.org/rec/journals/corr/abs-1802-07569.bib},
  bibsource = {dblp computer science bibliography, https://dblp.org}
}



@article{DBLP:journals/corr/BrancoTR15,
  author    = {Paula Branco and
               Lu{\'{\i}}s Torgo and
               Rita P. Ribeiro},
  title     = {A Survey of Predictive Modelling under Imbalanced Distributions},
  journal   = {CoRR},
  volume    = {abs/1505.01658},
  year      = {2015},
  url       = {http://arxiv.org/abs/1505.01658},
  archivePrefix = {arXiv},
  eprint    = {1505.01658},
  timestamp = {Tue, 17 Sep 2019 14:15:25 +0200},
  biburl    = {https://dblp.org/rec/journals/corr/BrancoTR15.bib},
  bibsource = {dblp computer science bibliography, https://dblp.org}
}


@article{Liu2020SelfpacedEF,
  title={Self-paced Ensemble for Highly Imbalanced Massive Data Classification},
  author={Zhining Liu and W. Cao and Zhifeng Gao and Jiang Bian and Hechang Chen and Yi Chang and T. Liu},
  journal={2020 IEEE 36th International Conference on Data Engineering (ICDE)},
  year={2020},
  pages={841-852}
}

@article{Khacef2020ImprovingSM,
  title={Improving Self-Organizing Maps with Unsupervised Feature Extraction},
  author={Lyes Khacef and Laurent Rodriguez and Beno{\^i}t Miramond},
  journal={ArXiv},
  year={2020},
  volume={abs/2009.02174}
}


@article{DBLP:journals/corr/abs-1904-09330,
  author    = {Pouya Bashivan and
               Martin Schrimpf and
               Robert Ajemian and
               Irina Rish and
               Matthew Riemer and
               Yuhai Tu},
  title     = {Continual Learning with Self-Organizing Maps},
  journal   = {CoRR},
  volume    = {abs/1904.09330},
  year      = {2019},
  url       = {http://arxiv.org/abs/1904.09330},
  archivePrefix = {arXiv},
  eprint    = {1904.09330},
  timestamp = {Fri, 26 Apr 2019 13:18:53 +0200},
  biburl    = {https://dblp.org/rec/journals/corr/abs-1904-09330.bib},
  bibsource = {dblp computer science bibliography, https://dblp.org}
}


@inproceedings{Frankle2020PruningNN,
  title={Pruning Neural Networks at Initialization: Why are We Missing the Mark?},
  author={Jonathan Frankle and G. Dziugaite and D. M. Roy and Michael Carbin},
  year={2020}
}

@article{Tay2020EfficientTA,
  title={Efficient Transformers: A Survey},
  author={Yi Tay and M. Dehghani and Dara Bahri and Donald Metzler},
  journal={ArXiv},
  year={2020},
  volume={abs/2009.06732}
}

@inproceedings{Reed2020EvaluatingSP,
  title={Evaluating Self-Supervised Pretraining Without Using Labels},
  author={C. Reed and S. Metzger and A. Srinivas and Trevor Darrell and K. Keutzer},
  year={2020}
}

@article{Hooker2020TheHL,
  title={The Hardware Lottery},
  author={Sara Hooker},
  journal={ArXiv},
  year={2020},
  volume={abs/2009.06489}
}

@article{Mundt2020AWV,
  title={A Wholistic View of Continual Learning with Deep Neural Networks: Forgotten Lessons and the Bridge to Active and Open World Learning},
  author={M. Mundt and Yong Won Hong and Iuliia Pliushch and Visvanathan Ramesh},
  journal={ArXiv},
  year={2020},
  volume={abs/2009.01797}
}

@article{Evci2019RiggingTL,
  title={Rigging the Lottery: Making All Tickets Winners},
  author={Utku Evci and T. Gale and Jacob Menick and P. S. Castro and E. Elsen},
  journal={ArXiv},
  year={2019},
  volume={abs/1911.11134}
}

@article{Shi2020RunAF,
  title={Run Away From your Teacher: Understanding BYOL by a Novel Self-Supervised Approach},
  author={Haizhou Shi and Dongliang Luo and Siliang Tang and Jian Wang and Yueting Zhuang},
  journal={ArXiv},
  year={2020},
  volume={abs/2011.10944}
}

@article{Caron2020UnsupervisedLO,
  title={Unsupervised Learning of Visual Features by Contrasting Cluster Assignments},
  author={Mathilde Caron and Ishan Misra and J. Mairal and Priya Goyal and P. Bojanowski and Armand Joulin},
  journal={ArXiv},
  year={2020},
  volume={abs/2006.09882}
}

@article{Chen2020ExploringSS,
  title={Exploring Simple Siamese Representation Learning},
  author={Xinlei Chen and Kaiming He},
  journal={ArXiv},
  year={2020},
  volume={abs/2011.10566}
}

@article{Zbontar2021BarlowTS,
  title={Barlow Twins: Self-Supervised Learning via Redundancy Reduction},
  author={J. Zbontar and L. Jing and Ishan Misra and Y. LeCun and St{\'e}phane Deny},
  journal={ArXiv},
  year={2021},
  volume={abs/2103.03230}
}


@article{DBLP:journals/corr/abs-1911-05722,
  author    = {Kaiming He and
               Haoqi Fan and
               Yuxin Wu and
               Saining Xie and
               Ross B. Girshick},
  title     = {Momentum Contrast for Unsupervised Visual Representation Learning},
  journal   = {CoRR},
  volume    = {abs/1911.05722},
  year      = {2019},
  url       = {http://arxiv.org/abs/1911.05722},
  archivePrefix = {arXiv},
  eprint    = {1911.05722},
  timestamp = {Mon, 02 Dec 2019 13:44:01 +0100},
  biburl    = {https://dblp.org/rec/journals/corr/abs-1911-05722.bib},
  bibsource = {dblp computer science bibliography, https://dblp.org}
}


@article{Chen2020ASF,
  title={A Simple Framework for Contrastive Learning of Visual Representations},
  author={Ting Chen and Simon Kornblith and Mohammad Norouzi and Geoffrey E. Hinton},
  journal={ArXiv},
  year={2020},
  volume={abs/2002.05709}
}

@article{Chen2020ImprovedBW,
  title={Improved Baselines with Momentum Contrastive Learning},
  author={Xinlei Chen and Haoqi Fan and Ross B. Girshick and Kaiming He},
  journal={ArXiv},
  year={2020},
  volume={abs/2003.04297}
}

@article{Chen2020BigSM,
  title={Big Self-Supervised Models are Strong Semi-Supervised Learners},
  author={Ting Chen and Simon Kornblith and Kevin Swersky and Mohammad Norouzi and Geoffrey E. Hinton},
  journal={ArXiv},
  year={2020},
  volume={abs/2006.10029}
}


@article{Goyal2021SelfsupervisedPO,
  title={Self-supervised Pretraining of Visual Features in the Wild},
  author={Priya Goyal and Mathilde Caron and Benjamin Lefaudeux and Min Xu and Pengchao Wang and Vivek Pai and Mannat Singh and Vitaliy Liptchinsky and Ishan Misra and Armand Joulin and P. Bojanowski},
  journal={ArXiv},
  year={2021},
  volume={abs/2103.01988}
}

@article{Radosavovic2020DesigningND,
  title={Designing Network Design Spaces},
  author={Ilija Radosavovic and Raj Prateek Kosaraju and Ross B. Girshick and Kaiming He and Piotr Doll{\'a}r},
  journal={2020 IEEE/CVF Conference on Computer Vision and Pattern Recognition (CVPR)},
  year={2020},
  pages={10425-10433}
}


@article{MelasKyriazi2021DoYE,
  title={Do You Even Need Attention? A Stack of Feed-Forward Layers Does Surprisingly Well on ImageNet},
  author={Luke Melas-Kyriazi},
  journal={ArXiv},
  year={2021},
  volume={abs/2105.02723}
}


@article{DBLP:journals/corr/abs-1709-01507,
  author    = {Jie Hu and
               Li Shen and
               Gang Sun},
  title     = {Squeeze-and-Excitation Networks},
  journal   = {CoRR},
  volume    = {abs/1709.01507},
  year      = {2017},
  url       = {http://arxiv.org/abs/1709.01507},
  archivePrefix = {arXiv},
  eprint    = {1709.01507},
  timestamp = {Mon, 13 Aug 2018 16:47:05 +0200},
  biburl    = {https://dblp.org/rec/journals/corr/abs-1709-01507.bib},
  bibsource = {dblp computer science bibliography, https://dblp.org}
}



@article{DBLP:journals/corr/abs-2103-05180,
  author    = {Lars Ruthotto and
               Eldad Haber},
  title     = {An Introduction to Deep Generative Modeling},
  journal   = {CoRR},
  volume    = {abs/2103.05180},
  year      = {2021},
  url       = {https://arxiv.org/abs/2103.05180},
  archivePrefix = {arXiv},
  eprint    = {2103.05180},
  timestamp = {Mon, 15 Mar 2021 17:30:55 +0100},
  biburl    = {https://dblp.org/rec/journals/corr/abs-2103-05180.bib},
  bibsource = {dblp computer science bibliography, https://dblp.org}
}


@article{Goodfellow2014GenerativeAN,
  title={Generative Adversarial Networks},
  author={I. Goodfellow and Jean Pouget-Abadie and Mehdi Mirza and B. Xu and David Warde-Farley and S. Ozair and Aaron C. Courville and Yoshua Bengio},
  journal={ArXiv},
  year={2014},
  volume={abs/1406.2661}
}

@article{Kingma2014AutoEncodingVB,
  title={Auto-Encoding Variational Bayes},
  author={Diederik P. Kingma and M. Welling},
  journal={CoRR},
  year={2014},
  volume={abs/1312.6114}
}


@article{DBLP:journals/corr/abs-1207-0580,
  author    = {Geoffrey E. Hinton and
               Nitish Srivastava and
               Alex Krizhevsky and
               Ilya Sutskever and
               Ruslan Salakhutdinov},
  title     = {Improving neural networks by preventing co-adaptation of feature detectors},
  journal   = {CoRR},
  volume    = {abs/1207.0580},
  year      = {2012},
  url       = {http://arxiv.org/abs/1207.0580},
  archivePrefix = {arXiv},
  eprint    = {1207.0580},
  timestamp = {Mon, 13 Aug 2018 16:46:10 +0200},
  biburl    = {https://dblp.org/rec/journals/corr/abs-1207-0580.bib},
  bibsource = {dblp computer science bibliography, https://dblp.org}
}


@article{Wu2021RethinkingI,
  title={Rethinking "Batch" in BatchNorm},
  author={Yuxin Wu and Justin Johnson},
  journal={ArXiv},
  year={2021},
  volume={abs/2105.07576}
}


@article{DBLP:journals/corr/IoffeS15,
  author    = {Sergey Ioffe and
               Christian Szegedy},
  title     = {Batch Normalization: Accelerating Deep Network Training by Reducing
               Internal Covariate Shift},
  journal   = {CoRR},
  volume    = {abs/1502.03167},
  year      = {2015},
  url       = {http://arxiv.org/abs/1502.03167},
  archivePrefix = {arXiv},
  eprint    = {1502.03167},
  timestamp = {Mon, 13 Aug 2018 16:47:06 +0200},
  biburl    = {https://dblp.org/rec/journals/corr/IoffeS15.bib},
  bibsource = {dblp computer science bibliography, https://dblp.org}
}



@article{DBLP:journals/corr/KlambauerUMH17,
  author    = {G{\"{u}}nter Klambauer and
               Thomas Unterthiner and
               Andreas Mayr and
               Sepp Hochreiter},
  title     = {Self-Normalizing Neural Networks},
  journal   = {CoRR},
  volume    = {abs/1706.02515},
  year      = {2017},
  url       = {http://arxiv.org/abs/1706.02515},
  archivePrefix = {arXiv},
  eprint    = {1706.02515},
  timestamp = {Sat, 23 Jan 2021 01:19:44 +0100},
  biburl    = {https://dblp.org/rec/journals/corr/KlambauerUMH17.bib},
  bibsource = {dblp computer science bibliography, https://dblp.org}
}



@article{DBLP:journals/corr/abs-1807-01622,
  author    = {Marta Garnelo and
               Jonathan Schwarz and
               Dan Rosenbaum and
               Fabio Viola and
               Danilo J. Rezende and
               S. M. Ali Eslami and
               Yee Whye Teh},
  title     = {Neural Processes},
  journal   = {CoRR},
  volume    = {abs/1807.01622},
  year      = {2018},
  url       = {http://arxiv.org/abs/1807.01622},
  archivePrefix = {arXiv},
  eprint    = {1807.01622},
  timestamp = {Mon, 13 Aug 2018 16:49:14 +0200},
  biburl    = {https://dblp.org/rec/journals/corr/abs-1807-01622.bib},
  bibsource = {dblp computer science bibliography, https://dblp.org}
}



@article{DBLP:journals/corr/abs-2009-09796,
  author    = {Michael Crawshaw},
  title     = {Multi-Task Learning with Deep Neural Networks: {A} Survey},
  journal   = {CoRR},
  volume    = {abs/2009.09796},
  year      = {2020},
  url       = {https://arxiv.org/abs/2009.09796},
  archivePrefix = {arXiv},
  eprint    = {2009.09796},
  timestamp = {Wed, 23 Sep 2020 15:51:46 +0200},
  biburl    = {https://dblp.org/rec/journals/corr/abs-2009-09796.bib},
  bibsource = {dblp computer science bibliography, https://dblp.org}
}



@article{DBLP:journals/corr/abs-2105-07576,
  author    = {Yuxin Wu and
               Justin Johnson},
  title     = {Rethinking "Batch" in BatchNorm},
  journal   = {CoRR},
  volume    = {abs/2105.07576},
  year      = {2021},
  url       = {https://arxiv.org/abs/2105.07576},
  eprinttype = {arXiv},
  eprint    = {2105.07576},
  timestamp = {Thu, 20 May 2021 16:18:14 +0200},
  biburl    = {https://dblp.org/rec/journals/corr/abs-2105-07576.bib},
  bibsource = {dblp computer science bibliography, https://dblp.org}
}



@article{DBLP:journals/corr/abs-2104-12871,
  author    = {Melanie Mitchell},
  title     = {Why {AI} is Harder Than We Think},
  journal   = {CoRR},
  volume    = {abs/2104.12871},
  year      = {2021},
  url       = {https://arxiv.org/abs/2104.12871},
  eprinttype = {arXiv},
  eprint    = {2104.12871},
  timestamp = {Mon, 03 May 2021 17:38:30 +0200},
  biburl    = {https://dblp.org/rec/journals/corr/abs-2104-12871.bib},
  bibsource = {dblp computer science bibliography, https://dblp.org}
}



@article{DBLP:journals/corr/abs-2105-14859,
  author    = {Samarth Sinha and
               Adji B. Dieng},
  title     = {Consistency Regularization for Variational Auto-Encoders},
  journal   = {CoRR},
  volume    = {abs/2105.14859},
  year      = {2021},
  url       = {https://arxiv.org/abs/2105.14859},
  eprinttype = {arXiv},
  eprint    = {2105.14859},
  timestamp = {Wed, 02 Jun 2021 11:46:42 +0200},
  biburl    = {https://dblp.org/rec/journals/corr/abs-2105-14859.bib},
  bibsource = {dblp computer science bibliography, https://dblp.org}
}


@article{Picard2021Torchmanual,
	title={Torch.manual\_seed(3407) is all you need: On the influence of random seeds in deep learning architectures for computer vision},
	author={David Picard},
	journal={ArXiv},
	year={2021},
	volume={abs/2109.08203}
}

@article{Paullada2020DataAI,
  title={Data and its (dis)contents: A survey of dataset development and use in machine learning research},
  author={Amandalynne Paullada and Inioluwa Deborah Raji and Emily M. Bender and Emily L. Denton and A. Hanna},
  journal={ArXiv},
  year={2020},
  volume={abs/2012.05345}
}


@article{DBLP:journals/corr/abs-2102-01293,
  author    = {Danny Hernandez and
               Jared Kaplan and
               Tom Henighan and
               Sam McCandlish},
  title     = {Scaling Laws for Transfer},
  journal   = {CoRR},
  volume    = {abs/2102.01293},
  year      = {2021},
  url       = {https://arxiv.org/abs/2102.01293},
  eprinttype = {arXiv},
  eprint    = {2102.01293},
  timestamp = {Tue, 09 Feb 2021 13:35:56 +0100},
  biburl    = {https://dblp.org/rec/journals/corr/abs-2102-01293.bib},
  bibsource = {dblp computer science bibliography, https://dblp.org}
}



@article{DBLP:journals/corr/abs-2010-06610,
  author    = {Marton Havasi and
               Rodolphe Jenatton and
               Stanislav Fort and
               Jeremiah Zhe Liu and
               Jasper Snoek and
               Balaji Lakshminarayanan and
               Andrew M. Dai and
               Dustin Tran},
  title     = {Training independent subnetworks for robust prediction},
  journal   = {CoRR},
  volume    = {abs/2010.06610},
  year      = {2020},
  url       = {https://arxiv.org/abs/2010.06610},
  eprinttype = {arXiv},
  eprint    = {2010.06610},
  timestamp = {Tue, 20 Oct 2020 15:08:10 +0200},
  biburl    = {https://dblp.org/rec/journals/corr/abs-2010-06610.bib},
  bibsource = {dblp computer science bibliography, https://dblp.org}
}



@article{DBLP:journals/corr/IandolaMAHDK16,
  author    = {Forrest N. Iandola and
               Matthew W. Moskewicz and
               Khalid Ashraf and
               Song Han and
               William J. Dally and
               Kurt Keutzer},
  title     = {SqueezeNet: AlexNet-level accuracy with 50x fewer parameters and {\textless}1MB
               model size},
  journal   = {CoRR},
  volume    = {abs/1602.07360},
  year      = {2016},
  url       = {http://arxiv.org/abs/1602.07360},
  eprinttype = {arXiv},
  eprint    = {1602.07360},
  timestamp = {Fri, 20 Nov 2020 16:16:06 +0100},
  biburl    = {https://dblp.org/rec/journals/corr/IandolaMAHDK16.bib},
  bibsource = {dblp computer science bibliography, https://dblp.org}
}



@article{DBLP:journals/corr/HeZRS15,
  author    = {Kaiming He and
               Xiangyu Zhang and
               Shaoqing Ren and
               Jian Sun},
  title     = {Deep Residual Learning for Image Recognition},
  journal   = {CoRR},
  volume    = {abs/1512.03385},
  year      = {2015},
  url       = {http://arxiv.org/abs/1512.03385},
  eprinttype = {arXiv},
  eprint    = {1512.03385},
  timestamp = {Wed, 17 Apr 2019 17:23:45 +0200},
  biburl    = {https://dblp.org/rec/journals/corr/HeZRS15.bib},
  bibsource = {dblp computer science bibliography, https://dblp.org}
}



@article{DBLP:journals/corr/VeitWB16,
  author    = {Andreas Veit and
               Michael J. Wilber and
               Serge J. Belongie},
  title     = {Residual Networks are Exponential Ensembles of Relatively Shallow
               Networks},
  journal   = {CoRR},
  volume    = {abs/1605.06431},
  year      = {2016},
  url       = {http://arxiv.org/abs/1605.06431},
  eprinttype = {arXiv},
  eprint    = {1605.06431},
  timestamp = {Mon, 13 Aug 2018 16:47:46 +0200},
  biburl    = {https://dblp.org/rec/journals/corr/VeitWB16.bib},
  bibsource = {dblp computer science bibliography, https://dblp.org}
}



@article{DBLP:journals/corr/abs-1712-09913,
  author    = {Hao Li and
               Zheng Xu and
               Gavin Taylor and
               Tom Goldstein},
  title     = {Visualizing the Loss Landscape of Neural Nets},
  journal   = {CoRR},
  volume    = {abs/1712.09913},
  year      = {2017},
  url       = {http://arxiv.org/abs/1712.09913},
  eprinttype = {arXiv},
  eprint    = {1712.09913},
  timestamp = {Thu, 16 May 2019 13:19:49 +0200},
  biburl    = {https://dblp.org/rec/journals/corr/abs-1712-09913.bib},
  bibsource = {dblp computer science bibliography, https://dblp.org}
}



@article{DBLP:journals/corr/abs-1305-2982,
  author    = {Yoshua Bengio},
  title     = {Estimating or Propagating Gradients Through Stochastic Neurons},
  journal   = {CoRR},
  volume    = {abs/1305.2982},
  year      = {2013},
  url       = {http://arxiv.org/abs/1305.2982},
  eprinttype = {arXiv},
  eprint    = {1305.2982},
  timestamp = {Mon, 13 Aug 2018 16:46:17 +0200},
  biburl    = {https://dblp.org/rec/journals/corr/abs-1305-2982.bib},
  bibsource = {dblp computer science bibliography, https://dblp.org}
}


@inproceedings{Ovadia2019CanYT,
  title={Can You Trust Your Model's Uncertainty? Evaluating Predictive Uncertainty Under Dataset Shift},
  author={Yaniv Ovadia and Emily Fertig and J. Ren and Zachary Nado and D. Sculley and Sebastian Nowozin and Joshua V. Dillon and Balaji Lakshminarayanan and Jasper Snoek},
  booktitle={NeurIPS},
  year={2019}
}

@inproceedings{Allingham2021SparseMM,
  title={Sparse MoEs meet Efficient Ensembles},
  author={James Urquhart Allingham and F. Wenzel and Zelda E. Mariet and Basil Mustafa and Joan Puigcerver and Neil Houlsby and Ghassen Jerfel and Vincent Fortuin and Balaji Lakshminarayanan and Jasper Snoek and Dustin Tran and Carlos Riquelme Ruiz and Rodolphe Jenatton},
  year={2021}
}


@article{DBLP:journals/corr/Goodfellow17,
  author    = {Ian J. Goodfellow},
  title     = {NIPS 2016 Tutorial: Generative Adversarial Networks},
  journal   = {CoRR},
  volume    = {abs/1701.00160},
  year      = {2017},
  url       = {http://arxiv.org/abs/1701.00160},
  eprinttype = {arXiv},
  eprint    = {1701.00160},
  timestamp = {Mon, 13 Aug 2018 16:46:12 +0200},
  biburl    = {https://dblp.org/rec/journals/corr/Goodfellow17.bib},
  bibsource = {dblp computer science bibliography, https://dblp.org}
}



@article{DBLP:journals/corr/abs-1710-09829,
  author    = {Sara Sabour and
               Nicholas Frosst and
               Geoffrey E. Hinton},
  title     = {Dynamic Routing Between Capsules},
  journal   = {CoRR},
  volume    = {abs/1710.09829},
  year      = {2017},
  url       = {http://arxiv.org/abs/1710.09829},
  eprinttype = {arXiv},
  eprint    = {1710.09829},
  timestamp = {Mon, 13 Aug 2018 16:47:11 +0200},
  biburl    = {https://dblp.org/rec/journals/corr/abs-1710-09829.bib},
  bibsource = {dblp computer science bibliography, https://dblp.org}
}



@article{DBLP:journals/corr/RedmonDGF15,
  author    = {Joseph Redmon and
               Santosh Kumar Divvala and
               Ross B. Girshick and
               Ali Farhadi},
  title     = {You Only Look Once: Unified, Real-Time Object Detection},
  journal   = {CoRR},
  volume    = {abs/1506.02640},
  year      = {2015},
  url       = {http://arxiv.org/abs/1506.02640},
  eprinttype = {arXiv},
  eprint    = {1506.02640},
  timestamp = {Mon, 13 Aug 2018 16:48:08 +0200},
  biburl    = {https://dblp.org/rec/journals/corr/RedmonDGF15.bib},
  bibsource = {dblp computer science bibliography, https://dblp.org}
}



@article{DBLP:journals/corr/abs-1802-01528,
  author    = {Terence Parr and
               Jeremy Howard},
  title     = {The Matrix Calculus You Need For Deep Learning},
  journal   = {CoRR},
  volume    = {abs/1802.01528},
  year      = {2018},
  url       = {http://arxiv.org/abs/1802.01528},
  eprinttype = {arXiv},
  eprint    = {1802.01528},
  timestamp = {Mon, 13 Aug 2018 16:48:36 +0200},
  biburl    = {https://dblp.org/rec/journals/corr/abs-1802-01528.bib},
  bibsource = {dblp computer science bibliography, https://dblp.org}
}



@article{DBLP:journals/corr/HuangLW16a,
  author    = {Gao Huang and
               Zhuang Liu and
               Kilian Q. Weinberger},
  title     = {Densely Connected Convolutional Networks},
  journal   = {CoRR},
  volume    = {abs/1608.06993},
  year      = {2016},
  url       = {http://arxiv.org/abs/1608.06993},
  eprinttype = {arXiv},
  eprint    = {1608.06993},
  timestamp = {Mon, 10 Sep 2018 15:49:32 +0200},
  biburl    = {https://dblp.org/rec/journals/corr/HuangLW16a.bib},
  bibsource = {dblp computer science bibliography, https://dblp.org}
}



@article{DBLP:journals/corr/RenHG015,
  author    = {Shaoqing Ren and
               Kaiming He and
               Ross B. Girshick and
               Jian Sun},
  title     = {Faster {R-CNN:} Towards Real-Time Object Detection with Region Proposal
               Networks},
  journal   = {CoRR},
  volume    = {abs/1506.01497},
  year      = {2015},
  url       = {http://arxiv.org/abs/1506.01497},
  eprinttype = {arXiv},
  eprint    = {1506.01497},
  timestamp = {Mon, 13 Aug 2018 16:46:02 +0200},
  biburl    = {https://dblp.org/rec/journals/corr/RenHG015.bib},
  bibsource = {dblp computer science bibliography, https://dblp.org}
}



@article{DBLP:journals/corr/HeGDG17,
  author    = {Kaiming He and
               Georgia Gkioxari and
               Piotr Doll{\'{a}}r and
               Ross B. Girshick},
  title     = {Mask {R-CNN}},
  journal   = {CoRR},
  volume    = {abs/1703.06870},
  year      = {2017},
  url       = {http://arxiv.org/abs/1703.06870},
  eprinttype = {arXiv},
  eprint    = {1703.06870},
  timestamp = {Mon, 13 Aug 2018 16:46:36 +0200},
  biburl    = {https://dblp.org/rec/journals/corr/HeGDG17.bib},
  bibsource = {dblp computer science bibliography, https://dblp.org}
}


@article{Arjovsky2017WassersteinG,
  title={Wasserstein GAN},
  author={Mart{\'i}n Arjovsky and Soumith Chintala and L{\'e}on Bottou},
  journal={ArXiv},
  year={2017},
  volume={abs/1701.07875}
}


@article{DBLP:journals/corr/AndrychowiczDGH16,
  author    = {Marcin Andrychowicz and
               Misha Denil and
               Sergio Gomez Colmenarejo and
               Matthew W. Hoffman and
               David Pfau and
               Tom Schaul and
               Nando de Freitas},
  title     = {Learning to learn by gradient descent by gradient descent},
  journal   = {CoRR},
  volume    = {abs/1606.04474},
  year      = {2016},
  url       = {http://arxiv.org/abs/1606.04474},
  eprinttype = {arXiv},
  eprint    = {1606.04474},
  timestamp = {Mon, 13 Aug 2018 16:47:05 +0200},
  biburl    = {https://dblp.org/rec/journals/corr/AndrychowiczDGH16.bib},
  bibsource = {dblp computer science bibliography, https://dblp.org}
}



@article{DBLP:journals/corr/LiuAESR15,
  author    = {Wei Liu and
               Dragomir Anguelov and
               Dumitru Erhan and
               Christian Szegedy and
               Scott E. Reed and
               Cheng{-}Yang Fu and
               Alexander C. Berg},
  title     = {{SSD:} Single Shot MultiBox Detector},
  journal   = {CoRR},
  volume    = {abs/1512.02325},
  year      = {2015},
  url       = {http://arxiv.org/abs/1512.02325},
  eprinttype = {arXiv},
  eprint    = {1512.02325},
  timestamp = {Wed, 12 Feb 2020 08:32:49 +0100},
  biburl    = {https://dblp.org/rec/journals/corr/LiuAESR15.bib},
  bibsource = {dblp computer science bibliography, https://dblp.org}
}



@article{DBLP:journals/corr/abs-1712-04741,
  author    = {Ren{\'{e}} Vidal and
               Joan Bruna and
               Raja Giryes and
               Stefano Soatto},
  title     = {Mathematics of Deep Learning},
  journal   = {CoRR},
  volume    = {abs/1712.04741},
  year      = {2017},
  url       = {http://arxiv.org/abs/1712.04741},
  eprinttype = {arXiv},
  eprint    = {1712.04741},
  timestamp = {Mon, 13 Aug 2018 16:47:28 +0200},
  biburl    = {https://dblp.org/rec/journals/corr/abs-1712-04741.bib},
  bibsource = {dblp computer science bibliography, https://dblp.org}
}



@article{DBLP:journals/corr/KaiserGSVPJU17,
  author    = {Lukasz Kaiser and
               Aidan N. Gomez and
               Noam Shazeer and
               Ashish Vaswani and
               Niki Parmar and
               Llion Jones and
               Jakob Uszkoreit},
  title     = {One Model To Learn Them All},
  journal   = {CoRR},
  volume    = {abs/1706.05137},
  year      = {2017},
  url       = {http://arxiv.org/abs/1706.05137},
  eprinttype = {arXiv},
  eprint    = {1706.05137},
  timestamp = {Mon, 13 Aug 2018 16:46:07 +0200},
  biburl    = {https://dblp.org/rec/journals/corr/KaiserGSVPJU17.bib},
  bibsource = {dblp computer science bibliography, https://dblp.org}
}



@article{DBLP:journals/corr/abs-2107-14795,
  author    = {Andrew Jaegle and
               Sebastian Borgeaud and
               Jean{-}Baptiste Alayrac and
               Carl Doersch and
               Catalin Ionescu and
               David Ding and
               Skanda Koppula and
               Daniel Zoran and
               Andrew Brock and
               Evan Shelhamer and
               Olivier J. H{\'{e}}naff and
               Matthew M. Botvinick and
               Andrew Zisserman and
               Oriol Vinyals and
               Jo{\~{a}}o Carreira},
  title     = {Perceiver {IO:} {A} General Architecture for Structured Inputs {\&}
               Outputs},
  journal   = {CoRR},
  volume    = {abs/2107.14795},
  year      = {2021},
  url       = {https://arxiv.org/abs/2107.14795},
  eprinttype = {arXiv},
  eprint    = {2107.14795},
  timestamp = {Tue, 03 Aug 2021 14:53:34 +0200},
  biburl    = {https://dblp.org/rec/journals/corr/abs-2107-14795.bib},
  bibsource = {dblp computer science bibliography, https://dblp.org}
}



@article{DBLP:journals/corr/abs-2103-03206,
  author    = {Andrew Jaegle and
               Felix Gimeno and
               Andrew Brock and
               Andrew Zisserman and
               Oriol Vinyals and
               Jo{\~{a}}o Carreira},
  title     = {Perceiver: General Perception with Iterative Attention},
  journal   = {CoRR},
  volume    = {abs/2103.03206},
  year      = {2021},
  url       = {https://arxiv.org/abs/2103.03206},
  eprinttype = {arXiv},
  eprint    = {2103.03206},
  timestamp = {Mon, 15 Mar 2021 17:30:55 +0100},
  biburl    = {https://dblp.org/rec/journals/corr/abs-2103-03206.bib},
  bibsource = {dblp computer science bibliography, https://dblp.org}
}



@article{DBLP:journals/corr/abs-1803-08494,
  author    = {Yuxin Wu and
               Kaiming He},
  title     = {Group Normalization},
  journal   = {CoRR},
  volume    = {abs/1803.08494},
  year      = {2018},
  url       = {http://arxiv.org/abs/1803.08494},
  eprinttype = {arXiv},
  eprint    = {1803.08494},
  timestamp = {Mon, 13 Aug 2018 16:47:02 +0200},
  biburl    = {https://dblp.org/rec/journals/corr/abs-1803-08494.bib},
  bibsource = {dblp computer science bibliography, https://dblp.org}
}


@article{Ba2016LayerN,
  title={Layer Normalization},
  author={Jimmy Ba and Jamie Ryan Kiros and Geoffrey E. Hinton},
  journal={ArXiv},
  year={2016},
  volume={abs/1607.06450}
}

@article{Radford2016UnsupervisedRL,
  title={Unsupervised Representation Learning with Deep Convolutional Generative Adversarial Networks},
  author={Alec Radford and Luke Metz and Soumith Chintala},
  journal={CoRR},
  year={2016},
  volume={abs/1511.06434}
}


@article{DBLP:journals/corr/abs-1806-07366,
  author    = {Tian Qi Chen and
               Yulia Rubanova and
               Jesse Bettencourt and
               David Duvenaud},
  title     = {Neural Ordinary Differential Equations},
  journal   = {CoRR},
  volume    = {abs/1806.07366},
  year      = {2018},
  url       = {http://arxiv.org/abs/1806.07366},
  eprinttype = {arXiv},
  eprint    = {1806.07366},
  timestamp = {Mon, 22 Jul 2019 14:09:23 +0200},
  biburl    = {https://dblp.org/rec/journals/corr/abs-1806-07366.bib},
  bibsource = {dblp computer science bibliography, https://dblp.org}
}



@article{DBLP:journals/corr/CourbariauxB16,
  author    = {Matthieu Courbariaux and
               Yoshua Bengio},
  title     = {BinaryNet: Training Deep Neural Networks with Weights and Activations
               Constrained to +1 or -1},
  journal   = {CoRR},
  volume    = {abs/1602.02830},
  year      = {2016},
  url       = {http://arxiv.org/abs/1602.02830},
  eprinttype = {arXiv},
  eprint    = {1602.02830},
  timestamp = {Mon, 13 Aug 2018 16:46:57 +0200},
  biburl    = {https://dblp.org/rec/journals/corr/CourbariauxB16.bib},
  bibsource = {dblp computer science bibliography, https://dblp.org}
}



@article{DBLP:journals/corr/abs-1708-02002,
  author    = {Tsung{-}Yi Lin and
               Priya Goyal and
               Ross B. Girshick and
               Kaiming He and
               Piotr Doll{\'{a}}r},
  title     = {Focal Loss for Dense Object Detection},
  journal   = {CoRR},
  volume    = {abs/1708.02002},
  year      = {2017},
  url       = {http://arxiv.org/abs/1708.02002},
  eprinttype = {arXiv},
  eprint    = {1708.02002},
  timestamp = {Mon, 13 Aug 2018 16:46:12 +0200},
  biburl    = {https://dblp.org/rec/journals/corr/abs-1708-02002.bib},
  bibsource = {dblp computer science bibliography, https://dblp.org}
}



@article{DBLP:journals/corr/ZhuPIE17,
  author    = {Jun{-}Yan Zhu and
               Taesung Park and
               Phillip Isola and
               Alexei A. Efros},
  title     = {Unpaired Image-to-Image Translation using Cycle-Consistent Adversarial
               Networks},
  journal   = {CoRR},
  volume    = {abs/1703.10593},
  year      = {2017},
  url       = {http://arxiv.org/abs/1703.10593},
  eprinttype = {arXiv},
  eprint    = {1703.10593},
  timestamp = {Mon, 13 Aug 2018 16:48:06 +0200},
  biburl    = {https://dblp.org/rec/journals/corr/ZhuPIE17.bib},
  bibsource = {dblp computer science bibliography, https://dblp.org}
}


@inproceedings{Santurkar2018HowDB,
  title={How Does Batch Normalization Help Optimization?},
  author={Shibani Santurkar and Dimitris Tsipras and Andrew Ilyas and Aleksander Madry},
  booktitle={NeurIPS},
  year={2018}
}

@article{Doersch2016TutorialOV,
  title={Tutorial on Variational Autoencoders},
  author={Carl Doersch},
  journal={ArXiv},
  year={2016},
  volume={abs/1606.05908}
}


@article{DBLP:journals/corr/abs-1803-09820,
  author    = {Leslie N. Smith},
  title     = {A disciplined approach to neural network hyper-parameters: Part 1
               - learning rate, batch size, momentum, and weight decay},
  journal   = {CoRR},
  volume    = {abs/1803.09820},
  year      = {2018},
  url       = {http://arxiv.org/abs/1803.09820},
  eprinttype = {arXiv},
  eprint    = {1803.09820},
  timestamp = {Mon, 13 Aug 2018 16:46:45 +0200},
  biburl    = {https://dblp.org/rec/journals/corr/abs-1803-09820.bib},
  bibsource = {dblp computer science bibliography, https://dblp.org}
}



@article{DBLP:journals/corr/abs-2010-05113,
  author    = {Phuc H. Le{-}Khac and
               Graham Healy and
               Alan F. Smeaton},
  title     = {Contrastive Representation Learning: {A} Framework and Review},
  journal   = {CoRR},
  volume    = {abs/2010.05113},
  year      = {2020},
  url       = {https://arxiv.org/abs/2010.05113},
  eprinttype = {arXiv},
  eprint    = {2010.05113},
  timestamp = {Tue, 20 Oct 2020 15:08:10 +0200},
  biburl    = {https://dblp.org/rec/journals/corr/abs-2010-05113.bib},
  bibsource = {dblp computer science bibliography, https://dblp.org}
}



@article{DBLP:journals/corr/GulrajaniAADC17,
  author    = {Ishaan Gulrajani and
               Faruk Ahmed and
               Mart{\'{\i}}n Arjovsky and
               Vincent Dumoulin and
               Aaron C. Courville},
  title     = {Improved Training of Wasserstein GANs},
  journal   = {CoRR},
  volume    = {abs/1704.00028},
  year      = {2017},
  url       = {http://arxiv.org/abs/1704.00028},
  eprinttype = {arXiv},
  eprint    = {1704.00028},
  timestamp = {Mon, 13 Aug 2018 16:47:43 +0200},
  biburl    = {https://dblp.org/rec/journals/corr/GulrajaniAADC17.bib},
  bibsource = {dblp computer science bibliography, https://dblp.org}
}



@article{DBLP:journals/corr/GuptaCPVCMM15,
  author    = {Maya R. Gupta and
               Andrew Cotter and
               Jan Pfeifer and
               Konstantin Voevodski and
               Kevin Robert Canini and
               Alexander Mangylov and
               Wojtek Moczydlowski},
  title     = {Monotonic Calibrated Interpolated Look-Up Tables},
  journal   = {CoRR},
  volume    = {abs/1505.06378},
  year      = {2015},
  url       = {http://arxiv.org/abs/1505.06378},
  eprinttype = {arXiv},
  eprint    = {1505.06378},
  timestamp = {Mon, 13 Aug 2018 16:46:25 +0200},
  biburl    = {https://dblp.org/rec/journals/corr/GuptaCPVCMM15.bib},
  bibsource = {dblp computer science bibliography, https://dblp.org}
}


@article{Hinton2015DistillingTK,
  title={Distilling the Knowledge in a Neural Network},
  author={Geoffrey E. Hinton and Oriol Vinyals and Jeffrey Dean},
  journal={ArXiv},
  year={2015},
  volume={abs/1503.02531}
}


@article{DBLP:journals/corr/abs-1901-00596,
  author    = {Zonghan Wu and
               Shirui Pan and
               Fengwen Chen and
               Guodong Long and
               Chengqi Zhang and
               Philip S. Yu},
  title     = {A Comprehensive Survey on Graph Neural Networks},
  journal   = {CoRR},
  volume    = {abs/1901.00596},
  year      = {2019},
  url       = {http://arxiv.org/abs/1901.00596},
  eprinttype = {arXiv},
  eprint    = {1901.00596},
  timestamp = {Thu, 31 Jan 2019 13:52:49 +0100},
  biburl    = {https://dblp.org/rec/journals/corr/abs-1901-00596.bib},
  bibsource = {dblp computer science bibliography, https://dblp.org}
}



@article{DBLP:journals/corr/SzegedyLJSRAEVR14,
  author    = {Christian Szegedy and
               Wei Liu and
               Yangqing Jia and
               Pierre Sermanet and
               Scott E. Reed and
               Dragomir Anguelov and
               Dumitru Erhan and
               Vincent Vanhoucke and
               Andrew Rabinovich},
  title     = {Going Deeper with Convolutions},
  journal   = {CoRR},
  volume    = {abs/1409.4842},
  year      = {2014},
  url       = {http://arxiv.org/abs/1409.4842},
  eprinttype = {arXiv},
  eprint    = {1409.4842},
  timestamp = {Mon, 13 Aug 2018 16:48:52 +0200},
  biburl    = {https://dblp.org/rec/journals/corr/SzegedyLJSRAEVR14.bib},
  bibsource = {dblp computer science bibliography, https://dblp.org}
}



@article{DBLP:journals/corr/Chollet16a,
  author    = {Fran{\c{c}}ois Chollet},
  title     = {Xception: Deep Learning with Depthwise Separable Convolutions},
  journal   = {CoRR},
  volume    = {abs/1610.02357},
  year      = {2016},
  url       = {http://arxiv.org/abs/1610.02357},
  eprinttype = {arXiv},
  eprint    = {1610.02357},
  timestamp = {Mon, 13 Aug 2018 16:46:20 +0200},
  biburl    = {https://dblp.org/rec/journals/corr/Chollet16a.bib},
  bibsource = {dblp computer science bibliography, https://dblp.org}
}



@article{DBLP:journals/corr/abs-2105-07581,
  author    = {Sayak Paul and
               Pin{-}Yu Chen},
  title     = {Vision Transformers are Robust Learners},
  journal   = {CoRR},
  volume    = {abs/2105.07581},
  year      = {2021},
  url       = {https://arxiv.org/abs/2105.07581},
  eprinttype = {arXiv},
  eprint    = {2105.07581},
  timestamp = {Tue, 18 May 2021 18:46:40 +0200},
  biburl    = {https://dblp.org/rec/journals/corr/abs-2105-07581.bib},
  bibsource = {dblp computer science bibliography, https://dblp.org}
}



@article{DBLP:journals/corr/abs-2010-11929,
  author    = {Alexey Dosovitskiy and
               Lucas Beyer and
               Alexander Kolesnikov and
               Dirk Weissenborn and
               Xiaohua Zhai and
               Thomas Unterthiner and
               Mostafa Dehghani and
               Matthias Minderer and
               Georg Heigold and
               Sylvain Gelly and
               Jakob Uszkoreit and
               Neil Houlsby},
  title     = {An Image is Worth 16x16 Words: Transformers for Image Recognition
               at Scale},
  journal   = {CoRR},
  volume    = {abs/2010.11929},
  year      = {2020},
  url       = {https://arxiv.org/abs/2010.11929},
  eprinttype = {arXiv},
  eprint    = {2010.11929},
  timestamp = {Fri, 20 Nov 2020 14:04:05 +0100},
  biburl    = {https://dblp.org/rec/journals/corr/abs-2010-11929.bib},
  bibsource = {dblp computer science bibliography, https://dblp.org}
}



@article{DBLP:journals/corr/abs-2105-08050,
  author    = {Hanxiao Liu and
               Zihang Dai and
               David R. So and
               Quoc V. Le},
  title     = {Pay Attention to MLPs},
  journal   = {CoRR},
  volume    = {abs/2105.08050},
  year      = {2021},
  url       = {https://arxiv.org/abs/2105.08050},
  eprinttype = {arXiv},
  eprint    = {2105.08050},
  timestamp = {Tue, 18 May 2021 18:46:40 +0200},
  biburl    = {https://dblp.org/rec/journals/corr/abs-2105-08050.bib},
  bibsource = {dblp computer science bibliography, https://dblp.org}
}



@article{DBLP:journals/corr/abs-2105-01601,
  author    = {Ilya O. Tolstikhin and
               Neil Houlsby and
               Alexander Kolesnikov and
               Lucas Beyer and
               Xiaohua Zhai and
               Thomas Unterthiner and
               Jessica Yung and
               Andreas Steiner and
               Daniel Keysers and
               Jakob Uszkoreit and
               Mario Lucic and
               Alexey Dosovitskiy},
  title     = {MLP-Mixer: An all-MLP Architecture for Vision},
  journal   = {CoRR},
  volume    = {abs/2105.01601},
  year      = {2021},
  url       = {https://arxiv.org/abs/2105.01601},
  eprinttype = {arXiv},
  eprint    = {2105.01601},
  timestamp = {Tue, 18 May 2021 10:37:34 +0200},
  biburl    = {https://dblp.org/rec/journals/corr/abs-2105-01601.bib},
  bibsource = {dblp computer science bibliography, https://dblp.org}
}



@article{DBLP:journals/corr/abs-2105-02723,
  author    = {Luke Melas{-}Kyriazi},
  title     = {Do You Even Need Attention? {A} Stack of Feed-Forward Layers Does
               Surprisingly Well on ImageNet},
  journal   = {CoRR},
  volume    = {abs/2105.02723},
  year      = {2021},
  url       = {https://arxiv.org/abs/2105.02723},
  eprinttype = {arXiv},
  eprint    = {2105.02723},
  timestamp = {Wed, 12 May 2021 15:54:31 +0200},
  biburl    = {https://dblp.org/rec/journals/corr/abs-2105-02723.bib},
  bibsource = {dblp computer science bibliography, https://dblp.org}
}



@article{DBLP:journals/corr/abs-2105-01883,
  author    = {Xiaohan Ding and
               Xiangyu Zhang and
               Jungong Han and
               Guiguang Ding},
  title     = {RepMLP: Re-parameterizing Convolutions into Fully-connected Layers
               for Image Recognition},
  journal   = {CoRR},
  volume    = {abs/2105.01883},
  year      = {2021},
  url       = {https://arxiv.org/abs/2105.01883},
  eprinttype = {arXiv},
  eprint    = {2105.01883},
  timestamp = {Wed, 12 May 2021 15:54:31 +0200},
  biburl    = {https://dblp.org/rec/journals/corr/abs-2105-01883.bib},
  bibsource = {dblp computer science bibliography, https://dblp.org}
}



@article{DBLP:journals/corr/abs-2105-03404,
  author    = {Hugo Touvron and
               Piotr Bojanowski and
               Mathilde Caron and
               Matthieu Cord and
               Alaaeldin El{-}Nouby and
               Edouard Grave and
               Armand Joulin and
               Gabriel Synnaeve and
               Jakob Verbeek and
               Herv{\'{e}} J{\'{e}}gou},
  title     = {ResMLP: Feedforward networks for image classification with data-efficient
               training},
  journal   = {CoRR},
  volume    = {abs/2105.03404},
  year      = {2021},
  url       = {https://arxiv.org/abs/2105.03404},
  eprinttype = {arXiv},
  eprint    = {2105.03404},
  timestamp = {Fri, 14 May 2021 12:13:30 +0200},
  biburl    = {https://dblp.org/rec/journals/corr/abs-2105-03404.bib},
  bibsource = {dblp computer science bibliography, https://dblp.org}
}



@article{Romero2015FitNetsHF,
  title={FitNets: Hints for Thin Deep Nets},
  author={Adriana Romero and Nicolas Ballas and Samira Ebrahimi Kahou and Antoine Chassang and Carlo Gatta and Yoshua Bengio},
  journal={CoRR},
  year={2015},
  volume={abs/1412.6550}
}



@article{DBLP:journals/corr/ZagoruykoK16a,
  author    = {Sergey Zagoruyko and
               Nikos Komodakis},
  title     = {Paying More Attention to Attention: Improving the Performance of Convolutional
               Neural Networks via Attention Transfer},
  journal   = {CoRR},
  volume    = {abs/1612.03928},
  year      = {2016},
  url       = {http://arxiv.org/abs/1612.03928},
  eprinttype = {arXiv},
  eprint    = {1612.03928},
  timestamp = {Mon, 13 Aug 2018 16:47:29 +0200},
  biburl    = {https://dblp.org/rec/journals/corr/ZagoruykoK16a.bib},
  bibsource = {dblp computer science bibliography, https://dblp.org}
}



@article{DBLP:journals/corr/abs-1904-01802,
  author    = {Baoyun Peng and
               Xiao Jin and
               Jiaheng Liu and
               Shunfeng Zhou and
               Yichao Wu and
               Yu Liu and
               Dongsheng Li and
               Zhaoning Zhang},
  title     = {Correlation Congruence for Knowledge Distillation},
  journal   = {CoRR},
  volume    = {abs/1904.01802},
  year      = {2019},
  url       = {http://arxiv.org/abs/1904.01802},
  eprinttype = {arXiv},
  eprint    = {1904.01802},
  timestamp = {Thu, 24 Sep 2020 11:26:24 +0200},
  biburl    = {https://dblp.org/rec/journals/corr/abs-1904-01802.bib},
  bibsource = {dblp computer science bibliography, https://dblp.org}
}



@article{DBLP:journals/corr/abs-1904-05068,
	author    = {Wonpyo Park and
	Dongju Kim and
	Yan Lu and
	Minsu Cho},
	title     = {Relational Knowledge Distillation},
	journal   = {CoRR},
	volume    = {abs/1904.05068},
	year      = {2019},
	url       = {http://arxiv.org/abs/1904.05068},
	eprinttype = {arXiv},
	eprint    = {1904.05068},
	timestamp = {Thu, 25 Apr 2019 13:55:01 +0200},
	biburl    = {https://dblp.org/rec/journals/corr/abs-1904-05068.bib},
	bibsource = {dblp computer science bibliography, https://dblp.org}
}



@article{DBLP:journals/corr/abs-1811-03233,
	author    = {Byeongho Heo and
	Minsik Lee and
	Sangdoo Yun and
	Jin Young Choi},
	title     = {Knowledge Transfer via Distillation of Activation Boundaries Formed
	by Hidden Neurons},
	journal   = {CoRR},
	volume    = {abs/1811.03233},
	year      = {2018},
	url       = {http://arxiv.org/abs/1811.03233},
	eprinttype = {arXiv},
	eprint    = {1811.03233},
	timestamp = {Fri, 07 May 2021 11:57:03 +0200},
	biburl    = {https://dblp.org/rec/journals/corr/abs-1811-03233.bib},
	bibsource = {dblp computer science bibliography, https://dblp.org}
}



@article{DBLP:journals/corr/abs-1907-09682,
	author    = {Frederick Tung and
	Greg Mori},
	title     = {Similarity-Preserving Knowledge Distillation},
	journal   = {CoRR},
	volume    = {abs/1907.09682},
	year      = {2019},
	url       = {http://arxiv.org/abs/1907.09682},
	eprinttype = {arXiv},
	eprint    = {1907.09682},
	timestamp = {Tue, 30 Jul 2019 12:52:26 +0200},
	biburl    = {https://dblp.org/rec/journals/corr/abs-1907-09682.bib},
	bibsource = {dblp computer science bibliography, https://dblp.org}
}



@article{DBLP:journals/corr/abs-1803-10837,
  author    = {Nikolaos Passalis and
               Anastasios Tefas},
  title     = {Probabilistic Knowledge Transfer for Deep Representation Learning},
  journal   = {CoRR},
  volume    = {abs/1803.10837},
  year      = {2018},
  url       = {http://arxiv.org/abs/1803.10837},
  eprinttype = {arXiv},
  eprint    = {1803.10837},
  timestamp = {Mon, 13 Aug 2018 16:47:07 +0200},
  biburl    = {https://dblp.org/rec/journals/corr/abs-1803-10837.bib},
  bibsource = {dblp computer science bibliography, https://dblp.org}
}



@article{DBLP:journals/corr/HuangW17a,
	author    = {Zehao Huang and
	Naiyan Wang},
	title     = {Like What You Like: Knowledge Distill via Neuron Selectivity Transfer},
	journal   = {CoRR},
	volume    = {abs/1707.01219},
	year      = {2017},
	url       = {http://arxiv.org/abs/1707.01219},
	eprinttype = {arXiv},
	eprint    = {1707.01219},
	timestamp = {Mon, 13 Aug 2018 16:48:41 +0200},
	biburl    = {https://dblp.org/rec/journals/corr/HuangW17a.bib},
	bibsource = {dblp computer science bibliography, https://dblp.org}
}



@article{DBLP:journals/corr/abs-1904-05835,
	author    = {Sungsoo Ahn and
	Shell Xu Hu and
	Andreas C. Damianou and
	Neil D. Lawrence and
	Zhenwen Dai},
	title     = {Variational Information Distillation for Knowledge Transfer},
	journal   = {CoRR},
	volume    = {abs/1904.05835},
	year      = {2019},
	url       = {http://arxiv.org/abs/1904.05835},
	eprinttype = {arXiv},
	eprint    = {1904.05835},
	timestamp = {Thu, 25 Apr 2019 13:55:01 +0200},
	biburl    = {https://dblp.org/rec/journals/corr/abs-1904-05835.bib},
	bibsource = {dblp computer science bibliography, https://dblp.org}
}



@article{DBLP:journals/corr/abs-1802-04977,
  author    = {Jangho Kim and
               Seonguk Park and
               Nojun Kwak},
  title     = {Paraphrasing Complex Network: Network Compression via Factor Transfer},
  journal   = {CoRR},
  volume    = {abs/1802.04977},
  year      = {2018},
  url       = {http://arxiv.org/abs/1802.04977},
  eprinttype = {arXiv},
  eprint    = {1802.04977},
  timestamp = {Thu, 26 Sep 2019 11:28:53 +0200},
  biburl    = {https://dblp.org/rec/journals/corr/abs-1802-04977.bib},
  bibsource = {dblp computer science bibliography, https://dblp.org}
}




@article{DBLP:journals/corr/abs-1910-10699,
  author    = {Yonglong Tian and
               Dilip Krishnan and
               Phillip Isola},
  title     = {Contrastive Representation Distillation},
  journal   = {CoRR},
  volume    = {abs/1910.10699},
  year      = {2019},
  url       = {http://arxiv.org/abs/1910.10699},
  eprinttype = {arXiv},
  eprint    = {1910.10699},
  timestamp = {Fri, 25 Oct 2019 14:59:26 +0200},
  biburl    = {https://dblp.org/rec/journals/corr/abs-1910-10699.bib},
  bibsource = {dblp computer science bibliography, https://dblp.org}
}



@article{DBLP:journals/corr/abs-1902-06162,
  author    = {Longlong Jing and
               Yingli Tian},
  title     = {Self-supervised Visual Feature Learning with Deep Neural Networks:
               {A} Survey},
  journal   = {CoRR},
  volume    = {abs/1902.06162},
  year      = {2019},
  url       = {http://arxiv.org/abs/1902.06162},
  eprinttype = {arXiv},
  eprint    = {1902.06162},
  timestamp = {Tue, 21 May 2019 18:03:38 +0200},
  biburl    = {https://dblp.org/rec/journals/corr/abs-1902-06162.bib},
  bibsource = {dblp computer science bibliography, https://dblp.org}
}



@article{DBLP:journals/corr/abs-1901-09005,
  author    = {Alexander Kolesnikov and
               Xiaohua Zhai and
               Lucas Beyer},
  title     = {Revisiting Self-Supervised Visual Representation Learning},
  journal   = {CoRR},
  volume    = {abs/1901.09005},
  year      = {2019},
  url       = {http://arxiv.org/abs/1901.09005},
  eprinttype = {arXiv},
  eprint    = {1901.09005},
  timestamp = {Fri, 20 Nov 2020 14:04:05 +0100},
  biburl    = {https://dblp.org/rec/journals/corr/abs-1901-09005.bib},
  bibsource = {dblp computer science bibliography, https://dblp.org}
}



@article{DBLP:journals/corr/abs-1905-01278,
  author    = {Mathilde Caron and
               Piotr Bojanowski and
               Julien Mairal and
               Armand Joulin},
  title     = {Leveraging Large-Scale Uncurated Data for Unsupervised Pre-training
               of Visual Features},
  journal   = {CoRR},
  volume    = {abs/1905.01278},
  year      = {2019},
  url       = {http://arxiv.org/abs/1905.01278},
  eprinttype = {arXiv},
  eprint    = {1905.01278},
  timestamp = {Mon, 27 May 2019 13:15:00 +0200},
  biburl    = {https://dblp.org/rec/journals/corr/abs-1905-01278.bib},
  bibsource = {dblp computer science bibliography, https://dblp.org}
}



@article{DBLP:journals/corr/abs-1912-03330,
  author    = {Xueting Yan and
               Ishan Misra and
               Abhinav Gupta and
               Deepti Ghadiyaram and
               Dhruv Mahajan},
  title     = {ClusterFit: Improving Generalization of Visual Representations},
  journal   = {CoRR},
  volume    = {abs/1912.03330},
  year      = {2019},
  url       = {http://arxiv.org/abs/1912.03330},
  eprinttype = {arXiv},
  eprint    = {1912.03330},
  timestamp = {Mon, 28 Sep 2020 08:19:37 +0200},
  biburl    = {https://dblp.org/rec/journals/corr/abs-1912-03330.bib},
  bibsource = {dblp computer science bibliography, https://dblp.org}
}



@article{DBLP:journals/corr/abs-1905-03670,
  author    = {Xiaohua Zhai and
               Avital Oliver and
               Alexander Kolesnikov and
               Lucas Beyer},
  title     = {S\({}^{\mbox{4}}\)L: Self-Supervised Semi-Supervised Learning},
  journal   = {CoRR},
  volume    = {abs/1905.03670},
  year      = {2019},
  url       = {http://arxiv.org/abs/1905.03670},
  eprinttype = {arXiv},
  eprint    = {1905.03670},
  timestamp = {Fri, 20 Nov 2020 14:04:05 +0100},
  biburl    = {https://dblp.org/rec/journals/corr/abs-1905-03670.bib},
  bibsource = {dblp computer science bibliography, https://dblp.org}
}



@article{DBLP:journals/corr/abs-1909-11825,
  author    = {Yu Sun and
               Eric Tzeng and
               Trevor Darrell and
               Alexei A. Efros},
  title     = {Unsupervised Domain Adaptation through Self-Supervision},
  journal   = {CoRR},
  volume    = {abs/1909.11825},
  year      = {2019},
  url       = {http://arxiv.org/abs/1909.11825},
  eprinttype = {arXiv},
  eprint    = {1909.11825},
  timestamp = {Fri, 27 Sep 2019 13:04:21 +0200},
  biburl    = {https://dblp.org/rec/journals/corr/abs-1909-11825.bib},
  bibsource = {dblp computer science bibliography, https://dblp.org}
}



@article{DBLP:journals/corr/abs-1807-03748,
  author    = {A{\"{a}}ron van den Oord and
               Yazhe Li and
               Oriol Vinyals},
  title     = {Representation Learning with Contrastive Predictive Coding},
  journal   = {CoRR},
  volume    = {abs/1807.03748},
  year      = {2018},
  url       = {http://arxiv.org/abs/1807.03748},
  eprinttype = {arXiv},
  eprint    = {1807.03748},
  timestamp = {Mon, 13 Aug 2018 16:48:25 +0200},
  biburl    = {https://dblp.org/rec/journals/corr/abs-1807-03748.bib},
  bibsource = {dblp computer science bibliography, https://dblp.org}
}



@article{DBLP:journals/corr/DoerschGE15,
  author    = {Carl Doersch and
               Abhinav Gupta and
               Alexei A. Efros},
  title     = {Unsupervised Visual Representation Learning by Context Prediction},
  journal   = {CoRR},
  volume    = {abs/1505.05192},
  year      = {2015},
  url       = {http://arxiv.org/abs/1505.05192},
  eprinttype = {arXiv},
  eprint    = {1505.05192},
  timestamp = {Fri, 05 Apr 2019 07:29:46 +0200},
  biburl    = {https://dblp.org/rec/journals/corr/DoerschGE15.bib},
  bibsource = {dblp computer science bibliography, https://dblp.org}
}



@article{DBLP:journals/corr/ZhangIE16,
  author    = {Richard Zhang and
               Phillip Isola and
               Alexei A. Efros},
  title     = {Colorful Image Colorization},
  journal   = {CoRR},
  volume    = {abs/1603.08511},
  year      = {2016},
  url       = {http://arxiv.org/abs/1603.08511},
  eprinttype = {arXiv},
  eprint    = {1603.08511},
  timestamp = {Wed, 14 Aug 2019 08:23:33 +0200},
  biburl    = {https://dblp.org/rec/journals/corr/ZhangIE16.bib},
  bibsource = {dblp computer science bibliography, https://dblp.org}
}



@article{DBLP:journals/corr/DosovitskiySRB14,
  author    = {Alexey Dosovitskiy and
               Jost Tobias Springenberg and
               Martin A. Riedmiller and
               Thomas Brox},
  title     = {Discriminative Unsupervised Feature Learning with Convolutional Neural
               Networks},
  journal   = {CoRR},
  volume    = {abs/1406.6909},
  year      = {2014},
  url       = {http://arxiv.org/abs/1406.6909},
  eprinttype = {arXiv},
  eprint    = {1406.6909},
  timestamp = {Mon, 13 Aug 2018 16:47:15 +0200},
  biburl    = {https://dblp.org/rec/journals/corr/DosovitskiySRB14.bib},
  bibsource = {dblp computer science bibliography, https://dblp.org}
}



@article{DBLP:journals/corr/abs-1708-07860,
  author    = {Carl Doersch and
               Andrew Zisserman},
  title     = {Multi-task Self-Supervised Visual Learning},
  journal   = {CoRR},
  volume    = {abs/1708.07860},
  year      = {2017},
  url       = {http://arxiv.org/abs/1708.07860},
  eprinttype = {arXiv},
  eprint    = {1708.07860},
  timestamp = {Mon, 13 Aug 2018 16:48:02 +0200},
  biburl    = {https://dblp.org/rec/journals/corr/abs-1708-07860.bib},
  bibsource = {dblp computer science bibliography, https://dblp.org}
}



@article{DBLP:journals/corr/abs-1803-07728,
  author    = {Spyros Gidaris and
               Praveer Singh and
               Nikos Komodakis},
  title     = {Unsupervised Representation Learning by Predicting Image Rotations},
  journal   = {CoRR},
  volume    = {abs/1803.07728},
  year      = {2018},
  url       = {http://arxiv.org/abs/1803.07728},
  eprinttype = {arXiv},
  eprint    = {1803.07728},
  timestamp = {Mon, 13 Aug 2018 16:46:04 +0200},
  biburl    = {https://dblp.org/rec/journals/corr/abs-1803-07728.bib},
  bibsource = {dblp computer science bibliography, https://dblp.org}
}



@article{DBLP:journals/corr/MisraZH16,
  author    = {Ishan Misra and
               C. Lawrence Zitnick and
               Martial Hebert},
  title     = {Unsupervised Learning using Sequential Verification for Action Recognition},
  journal   = {CoRR},
  volume    = {abs/1603.08561},
  year      = {2016},
  url       = {http://arxiv.org/abs/1603.08561},
  eprinttype = {arXiv},
  eprint    = {1603.08561},
  timestamp = {Mon, 13 Aug 2018 16:47:27 +0200},
  biburl    = {https://dblp.org/rec/journals/corr/MisraZH16.bib},
  bibsource = {dblp computer science bibliography, https://dblp.org}
}



@article{DBLP:journals/corr/FernandoBGG16,
  author    = {Basura Fernando and
               Hakan Bilen and
               Efstratios Gavves and
               Stephen Gould},
  title     = {Self-Supervised Video Representation Learning With Odd-One-Out Networks},
  journal   = {CoRR},
  volume    = {abs/1611.06646},
  year      = {2016},
  url       = {http://arxiv.org/abs/1611.06646},
  eprinttype = {arXiv},
  eprint    = {1611.06646},
  timestamp = {Mon, 13 Aug 2018 16:46:00 +0200},
  biburl    = {https://dblp.org/rec/journals/corr/FernandoBGG16.bib},
  bibsource = {dblp computer science bibliography, https://dblp.org}
}



@article{DBLP:journals/corr/abs-1712-06651,
  author    = {Relja Arandjelovic and
               Andrew Zisserman},
  title     = {Objects that Sound},
  journal   = {CoRR},
  volume    = {abs/1712.06651},
  year      = {2017},
  url       = {http://arxiv.org/abs/1712.06651},
  eprinttype = {arXiv},
  eprint    = {1712.06651},
  timestamp = {Mon, 13 Aug 2018 16:46:22 +0200},
  biburl    = {https://dblp.org/rec/journals/corr/abs-1712-06651.bib},
  bibsource = {dblp computer science bibliography, https://dblp.org}
}



@article{DBLP:journals/corr/PathakKDDE16,
  author    = {Deepak Pathak and
               Philipp Kr{\"{a}}henb{\"{u}}hl and
               Jeff Donahue and
               Trevor Darrell and
               Alexei A. Efros},
  title     = {Context Encoders: Feature Learning by Inpainting},
  journal   = {CoRR},
  volume    = {abs/1604.07379},
  year      = {2016},
  url       = {http://arxiv.org/abs/1604.07379},
  eprinttype = {arXiv},
  eprint    = {1604.07379},
  timestamp = {Mon, 13 Aug 2018 16:48:54 +0200},
  biburl    = {https://dblp.org/rec/journals/corr/PathakKDDE16.bib},
  bibsource = {dblp computer science bibliography, https://dblp.org}
}



@article{DBLP:journals/corr/LarssonMS16,
  author    = {Gustav Larsson and
               Michael Maire and
               Gregory Shakhnarovich},
  title     = {Learning Representations for Automatic Colorization},
  journal   = {CoRR},
  volume    = {abs/1603.06668},
  year      = {2016},
  url       = {http://arxiv.org/abs/1603.06668},
  eprinttype = {arXiv},
  eprint    = {1603.06668},
  timestamp = {Mon, 13 Aug 2018 16:46:43 +0200},
  biburl    = {https://dblp.org/rec/journals/corr/LarssonMS16.bib},
  bibsource = {dblp computer science bibliography, https://dblp.org}
}



@article{DBLP:journals/corr/abs-1908-03265,
  author    = {Liyuan Liu and
               Haoming Jiang and
               Pengcheng He and
               Weizhu Chen and
               Xiaodong Liu and
               Jianfeng Gao and
               Jiawei Han},
  title     = {On the Variance of the Adaptive Learning Rate and Beyond},
  journal   = {CoRR},
  volume    = {abs/1908.03265},
  year      = {2019},
  url       = {http://arxiv.org/abs/1908.03265},
  eprinttype = {arXiv},
  eprint    = {1908.03265},
  timestamp = {Mon, 19 Aug 2019 13:21:03 +0200},
  biburl    = {https://dblp.org/rec/journals/corr/abs-1908-03265.bib},
  bibsource = {dblp computer science bibliography, https://dblp.org}
}



@article{DBLP:journals/corr/abs-1905-11286,
  author    = {Boris Ginsburg and
               Patrice Castonguay and
               Oleksii Hrinchuk and
               Oleksii Kuchaiev and
               Vitaly Lavrukhin and
               Ryan Leary and
               Jason Li and
               Huyen Nguyen and
               Jonathan M. Cohen},
  title     = {Stochastic Gradient Methods with Layer-wise Adaptive Moments for Training
               of Deep Networks},
  journal   = {CoRR},
  volume    = {abs/1905.11286},
  year      = {2019},
  url       = {http://arxiv.org/abs/1905.11286},
  eprinttype = {arXiv},
  eprint    = {1905.11286},
  timestamp = {Mon, 03 Jun 2019 13:42:33 +0200},
  biburl    = {https://dblp.org/rec/journals/corr/abs-1905-11286.bib},
  bibsource = {dblp computer science bibliography, https://dblp.org}
}



@article{DBLP:journals/corr/abs-1907-08610,
  author    = {Michael R. Zhang and
               James Lucas and
               Geoffrey E. Hinton and
               Jimmy Ba},
  title     = {Lookahead Optimizer: k steps forward, 1 step back},
  journal   = {CoRR},
  volume    = {abs/1907.08610},
  year      = {2019},
  url       = {http://arxiv.org/abs/1907.08610},
  eprinttype = {arXiv},
  eprint    = {1907.08610},
  timestamp = {Tue, 23 Jul 2019 10:54:22 +0200},
  biburl    = {https://dblp.org/rec/journals/corr/abs-1907-08610.bib},
  bibsource = {dblp computer science bibliography, https://dblp.org}
}



@article{DBLP:journals/corr/abs-2006-08217,
  author    = {Byeongho Heo and
               Sanghyuk Chun and
               Seong Joon Oh and
               Dongyoon Han and
               Sangdoo Yun and
               Youngjung Uh and
               Jung{-}Woo Ha},
  title     = {Slowing Down the Weight Norm Increase in Momentum-based Optimizers},
  journal   = {CoRR},
  volume    = {abs/2006.08217},
  year      = {2020},
  url       = {https://arxiv.org/abs/2006.08217},
  eprinttype = {arXiv},
  eprint    = {2006.08217},
  timestamp = {Thu, 18 Jun 2020 10:30:56 +0200},
  biburl    = {https://dblp.org/rec/journals/corr/abs-2006-08217.bib},
  bibsource = {dblp computer science bibliography, https://dblp.org}
}



@article{DBLP:journals/corr/abs-1804-04235,
  author    = {Noam Shazeer and
               Mitchell Stern},
  title     = {Adafactor: Adaptive Learning Rates with Sublinear Memory Cost},
  journal   = {CoRR},
  volume    = {abs/1804.04235},
  year      = {2018},
  url       = {http://arxiv.org/abs/1804.04235},
  eprinttype = {arXiv},
  eprint    = {1804.04235},
  timestamp = {Mon, 13 Aug 2018 16:48:15 +0200},
  biburl    = {https://dblp.org/rec/journals/corr/abs-1804-04235.bib},
  bibsource = {dblp computer science bibliography, https://dblp.org}
}



@article{DBLP:journals/corr/abs-2006-00719,
  author    = {Zhewei Yao and
               Amir Gholami and
               Sheng Shen and
               Kurt Keutzer and
               Michael W. Mahoney},
  title     = {{ADAHESSIAN:} An Adaptive Second Order Optimizer for Machine Learning},
  journal   = {CoRR},
  volume    = {abs/2006.00719},
  year      = {2020},
  url       = {https://arxiv.org/abs/2006.00719},
  eprinttype = {arXiv},
  eprint    = {2006.00719},
  timestamp = {Mon, 08 Jun 2020 15:48:39 +0200},
  biburl    = {https://dblp.org/rec/journals/corr/abs-2006-00719.bib},
  bibsource = {dblp computer science bibliography, https://dblp.org}
}



@article{DBLP:journals/corr/Smith15a,
  author    = {Leslie N. Smith},
  title     = {No More Pesky Learning Rate Guessing Games},
  journal   = {CoRR},
  volume    = {abs/1506.01186},
  year      = {2015},
  url       = {http://arxiv.org/abs/1506.01186},
  eprinttype = {arXiv},
  eprint    = {1506.01186},
  timestamp = {Mon, 13 Aug 2018 16:47:53 +0200},
  biburl    = {https://dblp.org/rec/journals/corr/Smith15a.bib},
  bibsource = {dblp computer science bibliography, https://dblp.org}
}


@inproceedings{Park2019SpecAugmentAS,
  title={SpecAugment: A Simple Data Augmentation Method for Automatic Speech Recognition},
  author={Daniel S. Park and William Chan and Yu Zhang and Chung-Cheng Chiu and Barret Zoph and Ekin Dogus Cubuk and Quoc V. Le},
  booktitle={INTERSPEECH},
  year={2019}
}


@article{DBLP:journals/corr/abs-1708-04896,
  author    = {Zhun Zhong and
               Liang Zheng and
               Guoliang Kang and
               Shaozi Li and
               Yi Yang},
  title     = {Random Erasing Data Augmentation},
  journal   = {CoRR},
  volume    = {abs/1708.04896},
  year      = {2017},
  url       = {http://arxiv.org/abs/1708.04896},
  eprinttype = {arXiv},
  eprint    = {1708.04896},
  timestamp = {Mon, 13 Aug 2018 16:47:52 +0200},
  biburl    = {https://dblp.org/rec/journals/corr/abs-1708-04896.bib},
  bibsource = {dblp computer science bibliography, https://dblp.org}
}


@article{Hendrycks2020AugMixAS,
  title={AugMix: A Simple Data Processing Method to Improve Robustness and Uncertainty},
  author={Dan Hendrycks and Norman Mu and Ekin Dogus Cubuk and Barret Zoph and Justin Gilmer and Balaji Lakshminarayanan},
  journal={ArXiv},
  year={2020},
  volume={abs/1912.02781}
}


@article{DBLP:journals/corr/HuangSLSW16,
  author    = {Gao Huang and
               Yu Sun and
               Zhuang Liu and
               Daniel Sedra and
               Kilian Q. Weinberger},
  title     = {Deep Networks with Stochastic Depth},
  journal   = {CoRR},
  volume    = {abs/1603.09382},
  year      = {2016},
  url       = {http://arxiv.org/abs/1603.09382},
  eprinttype = {arXiv},
  eprint    = {1603.09382},
  timestamp = {Sat, 15 Dec 2018 13:25:43 +0100},
  biburl    = {https://dblp.org/rec/journals/corr/HuangSLSW16.bib},
  bibsource = {dblp computer science bibliography, https://dblp.org}
}



@article{DBLP:journals/corr/abs-1810-12890,
  author    = {Golnaz Ghiasi and
               Tsung{-}Yi Lin and
               Quoc V. Le},
  title     = {DropBlock: {A} regularization method for convolutional networks},
  journal   = {CoRR},
  volume    = {abs/1810.12890},
  year      = {2018},
  url       = {http://arxiv.org/abs/1810.12890},
  eprinttype = {arXiv},
  eprint    = {1810.12890},
  timestamp = {Thu, 08 Nov 2018 10:57:46 +0100},
  biburl    = {https://dblp.org/rec/journals/corr/abs-1810-12890.bib},
  bibsource = {dblp computer science bibliography, https://dblp.org}
}



@article{DBLP:journals/corr/abs-1904-11486,
  author    = {Richard Zhang},
  title     = {Making Convolutional Networks Shift-Invariant Again},
  journal   = {CoRR},
  volume    = {abs/1904.11486},
  year      = {2019},
  url       = {http://arxiv.org/abs/1904.11486},
  eprinttype = {arXiv},
  eprint    = {1904.11486},
  timestamp = {Thu, 02 May 2019 15:13:44 +0200},
  biburl    = {https://dblp.org/rec/journals/corr/abs-1904-11486.bib},
  bibsource = {dblp computer science bibliography, https://dblp.org}
}



@article{DBLP:journals/corr/abs-2102-06171,
  author    = {Andrew Brock and
               Soham De and
               Samuel L. Smith and
               Karen Simonyan},
  title     = {High-Performance Large-Scale Image Recognition Without Normalization},
  journal   = {CoRR},
  volume    = {abs/2102.06171},
  year      = {2021},
  url       = {https://arxiv.org/abs/2102.06171},
  eprinttype = {arXiv},
  eprint    = {2102.06171},
  timestamp = {Thu, 18 Feb 2021 15:26:00 +0100},
  biburl    = {https://dblp.org/rec/journals/corr/abs-2102-06171.bib},
  bibsource = {dblp computer science bibliography, https://dblp.org}
}



@inproceedings{Hayou2021RobustPA,
  title={Robust Pruning at Initialization},
  author={Soufiane Hayou and Jean-Francois Ton and A. Doucet and Yee Whye Teh},
  booktitle={ICLR},
  year={2021}
}

@article{Bingham2021AutoInitAS,
  title={AutoInit: Analytic Signal-Preserving Weight Initialization for Neural Networks},
  author={Garrett Bingham and Risto Miikkulainen},
  journal={ArXiv},
  year={2021},
  volume={abs/2109.08958}
}


@article{DBLP:journals/corr/abs-1712-04323,
  author    = {Claudio Gallicchio and
               Alessio Micheli},
  title     = {Deep Echo State Network (DeepESN): {A} Brief Survey},
  journal   = {CoRR},
  volume    = {abs/1712.04323},
  year      = {2017},
  url       = {http://arxiv.org/abs/1712.04323},
  eprinttype = {arXiv},
  eprint    = {1712.04323},
  timestamp = {Mon, 13 Aug 2018 16:46:11 +0200},
  biburl    = {https://dblp.org/rec/journals/corr/abs-1712-04323.bib},
  bibsource = {dblp computer science bibliography, https://dblp.org}
}



@article{DBLP:journals/corr/abs-2104-10350,
  author    = {David A. Patterson and
               Joseph Gonzalez and
               Quoc V. Le and
               Chen Liang and
               Lluis{-}Miquel Munguia and
               Daniel Rothchild and
               David R. So and
               Maud Texier and
               Jeff Dean},
  title     = {Carbon Emissions and Large Neural Network Training},
  journal   = {CoRR},
  volume    = {abs/2104.10350},
  year      = {2021},
  url       = {https://arxiv.org/abs/2104.10350},
  eprinttype = {arXiv},
  eprint    = {2104.10350},
  timestamp = {Mon, 26 Apr 2021 17:25:10 +0200},
  biburl    = {https://dblp.org/rec/journals/corr/abs-2104-10350.bib},
  bibsource = {dblp computer science bibliography, https://dblp.org}
}



@article{DBLP:journals/corr/abs-1907-07804,
  author    = {Subhojeet Pramanik and
               Priyanka Agrawal and
               Aman Hussain},
  title     = {OmniNet: {A} unified architecture for multi-modal multi-task learning},
  journal   = {CoRR},
  volume    = {abs/1907.07804},
  year      = {2019},
  url       = {http://arxiv.org/abs/1907.07804},
  eprinttype = {arXiv},
  eprint    = {1907.07804},
  timestamp = {Tue, 23 Jul 2019 10:54:22 +0200},
  biburl    = {https://dblp.org/rec/journals/corr/abs-1907-07804.bib},
  bibsource = {dblp computer science bibliography, https://dblp.org}
}



@article{DBLP:journals/corr/abs-2105-12723,
  author    = {Zizhao Zhang and
               Han Zhang and
               Long Zhao and
               Ting Chen and
               Tomas Pfister},
  title     = {Aggregating Nested Transformers},
  journal   = {CoRR},
  volume    = {abs/2105.12723},
  year      = {2021},
  url       = {https://arxiv.org/abs/2105.12723},
  eprinttype = {arXiv},
  eprint    = {2105.12723},
  timestamp = {Thu, 12 Aug 2021 17:50:35 +0200},
  biburl    = {https://dblp.org/rec/journals/corr/abs-2105-12723.bib},
  bibsource = {dblp computer science bibliography, https://dblp.org}
}



@article{DBLP:journals/corr/abs-2103-14030,
  author    = {Ze Liu and
               Yutong Lin and
               Yue Cao and
               Han Hu and
               Yixuan Wei and
               Zheng Zhang and
               Stephen Lin and
               Baining Guo},
  title     = {Swin Transformer: Hierarchical Vision Transformer using Shifted Windows},
  journal   = {CoRR},
  volume    = {abs/2103.14030},
  year      = {2021},
  url       = {https://arxiv.org/abs/2103.14030},
  eprinttype = {arXiv},
  eprint    = {2103.14030},
  timestamp = {Thu, 08 Apr 2021 07:53:26 +0200},
  biburl    = {https://dblp.org/rec/journals/corr/abs-2103-14030.bib},
  bibsource = {dblp computer science bibliography, https://dblp.org}
}



@article{DBLP:journals/corr/abs-1912-01991,
  author    = {Ishan Misra and
               Laurens van der Maaten},
  title     = {Self-Supervised Learning of Pretext-Invariant Representations},
  journal   = {CoRR},
  volume    = {abs/1912.01991},
  year      = {2019},
  url       = {http://arxiv.org/abs/1912.01991},
  eprinttype = {arXiv},
  eprint    = {1912.01991},
  timestamp = {Thu, 02 Jan 2020 18:08:18 +0100},
  biburl    = {https://dblp.org/rec/journals/corr/abs-1912-01991.bib},
  bibsource = {dblp computer science bibliography, https://dblp.org}
}



@article{DBLP:journals/corr/abs-1911-05371,
  author    = {Yuki Markus Asano and
               Christian Rupprecht and
               Andrea Vedaldi},
  title     = {Self-labelling via simultaneous clustering and representation learning},
  journal   = {CoRR},
  volume    = {abs/1911.05371},
  year      = {2019},
  url       = {http://arxiv.org/abs/1911.05371},
  eprinttype = {arXiv},
  eprint    = {1911.05371},
  timestamp = {Mon, 02 Dec 2019 13:44:01 +0100},
  biburl    = {https://dblp.org/rec/journals/corr/abs-1911-05371.bib},
  bibsource = {dblp computer science bibliography, https://dblp.org}
}



@article{DBLP:journals/corr/abs-2002-11242,
  author    = {Jingfeng Zhang and
               Xilie Xu and
               Bo Han and
               Gang Niu and
               Lizhen Cui and
               Masashi Sugiyama and
               Mohan S. Kankanhalli},
  title     = {Attacks Which Do Not Kill Training Make Adversarial Learning Stronger},
  journal   = {CoRR},
  volume    = {abs/2002.11242},
  year      = {2020},
  url       = {https://arxiv.org/abs/2002.11242},
  eprinttype = {arXiv},
  eprint    = {2002.11242},
  timestamp = {Tue, 01 Sep 2020 17:53:13 +0200},
  biburl    = {https://dblp.org/rec/journals/corr/abs-2002-11242.bib},
  bibsource = {dblp computer science bibliography, https://dblp.org}
}


@article{Wang2021AugMaxAC,
  title={AugMax: Adversarial Composition of Random Augmentations for Robust Training},
  author={Haotao Wang and Chaowei Xiao and Jean Kossaifi and Zhiding Yu and Animashree Anandkumar and Zhangyang Wang},
  journal={ArXiv},
  year={2021},
  volume={abs/2110.13771}
}


@article{DBLP:journals/corr/abs-2003-00152,
  author    = {Jonathan Frankle and
               David J. Schwab and
               Ari S. Morcos},
  title     = {Training BatchNorm and Only BatchNorm: On the Expressive Power of
               Random Features in CNNs},
  journal   = {CoRR},
  volume    = {abs/2003.00152},
  year      = {2020},
  url       = {https://arxiv.org/abs/2003.00152},
  eprinttype = {arXiv},
  eprint    = {2003.00152},
  timestamp = {Tue, 10 Mar 2020 13:33:48 +0100},
  biburl    = {https://dblp.org/rec/journals/corr/abs-2003-00152.bib},
  bibsource = {dblp computer science bibliography, https://dblp.org}
}



@article{DBLP:journals/corr/abs-2004-02967,
  author    = {Hanxiao Liu and
               Andrew Brock and
               Karen Simonyan and
               Quoc V. Le},
  title     = {Evolving Normalization-Activation Layers},
  journal   = {CoRR},
  volume    = {abs/2004.02967},
  year      = {2020},
  url       = {https://arxiv.org/abs/2004.02967},
  eprinttype = {arXiv},
  eprint    = {2004.02967},
  timestamp = {Wed, 08 Apr 2020 17:08:25 +0200},
  biburl    = {https://dblp.org/rec/journals/corr/abs-2004-02967.bib},
  bibsource = {dblp computer science bibliography, https://dblp.org}
}


@article{Wortsman2021RobustFO,
  title={Robust fine-tuning of zero-shot models},
  author={Mitchell Wortsman and Gabriel Ilharco and Mike Li and Jong Wook Kim and Hannaneh Hajishirzi and Ali Farhadi and Hongseok Namkoong and Ludwig Schmidt},
  journal={ArXiv},
  year={2021},
  volume={abs/2109.01903}
}


@article{DBLP:journals/corr/YosinskiCBL14,
  author    = {Jason Yosinski and
               Jeff Clune and
               Yoshua Bengio and
               Hod Lipson},
  title     = {How transferable are features in deep neural networks?},
  journal   = {CoRR},
  volume    = {abs/1411.1792},
  year      = {2014},
  url       = {http://arxiv.org/abs/1411.1792},
  eprinttype = {arXiv},
  eprint    = {1411.1792},
  timestamp = {Mon, 13 Aug 2018 16:47:20 +0200},
  biburl    = {https://dblp.org/rec/journals/corr/YosinskiCBL14.bib},
  bibsource = {dblp computer science bibliography, https://dblp.org}
}



@article{DBLP:journals/corr/RazavianASC14,
  author    = {Ali Sharif Razavian and
               Hossein Azizpour and
               Josephine Sullivan and
               Stefan Carlsson},
  title     = {{CNN} Features off-the-shelf: an Astounding Baseline for Recognition},
  journal   = {CoRR},
  volume    = {abs/1403.6382},
  year      = {2014},
  url       = {http://arxiv.org/abs/1403.6382},
  eprinttype = {arXiv},
  eprint    = {1403.6382},
  timestamp = {Mon, 13 Aug 2018 16:46:52 +0200},
  biburl    = {https://dblp.org/rec/journals/corr/RazavianASC14.bib},
  bibsource = {dblp computer science bibliography, https://dblp.org}
}

@inproceedings{oquab2014learning,
	title={Learning and transferring mid-level image representations using convolutional neural networks},
	author={Oquab, Maxime and Bottou, Leon and Laptev, Ivan and Sivic, Josef},
	booktitle={Proceedings of the IEEE conference on computer vision and pattern recognition},
	pages={1717--1724},
	year={2014}
}


@inproceedings{wang2019pay,
	title={Pay attention to features, transfer learn faster CNNs},
	author={Wang, Kafeng and Gao, Xitong and Zhao, Yiren and Li, Xingjian and Dou, Dejing and Xu, Cheng-Zhong},
	booktitle={International Conference on Learning Representations},
	year={2019}
}

@article{DBLP:journals/corr/abs-1904-04334,
  author    = {Shahbaz Rezaei and
               Xin Liu},
  title     = {A Target-Agnostic Attack on Deep Models: Exploiting Security Vulnerabilities
               of Transfer Learning},
  journal   = {CoRR},
  volume    = {abs/1904.04334},
  year      = {2019},
  url       = {http://arxiv.org/abs/1904.04334},
  eprinttype = {arXiv},
  eprint    = {1904.04334},
  timestamp = {Thu, 07 Nov 2019 09:05:09 +0100},
  biburl    = {https://dblp.org/rec/journals/corr/abs-1904-04334.bib},
  bibsource = {dblp computer science bibliography, https://dblp.org}
}



@article{DBLP:journals/corr/abs-1905-08232,
  author    = {Ali Shafahi and
               Parsa Saadatpanah and
               Chen Zhu and
               Amin Ghiasi and
               Christoph Studer and
               David W. Jacobs and
               Tom Goldstein},
  title     = {Adversarially robust transfer learning},
  journal   = {CoRR},
  volume    = {abs/1905.08232},
  year      = {2019},
  url       = {http://arxiv.org/abs/1905.08232},
  eprinttype = {arXiv},
  eprint    = {1905.08232},
  timestamp = {Tue, 28 May 2019 12:48:08 +0200},
  biburl    = {https://dblp.org/rec/journals/corr/abs-1905-08232.bib},
  bibsource = {dblp computer science bibliography, https://dblp.org}
}


@article{Lin2020DTLETDT,
  title={DT-LET: Deep Transfer Learning by Exploring where to Transfer},
  author={Jianzhe Lin and Qi Wang and Rabab Kreidieh Ward and Zhen Jane Wang},
  journal={ArXiv},
  year={2020},
  volume={abs/1809.08541}
}


@article{DBLP:journals/corr/abs-1808-01974,
  author    = {Chuanqi Tan and
               Fuchun Sun and
               Tao Kong and
               Wenchang Zhang and
               Chao Yang and
               Chunfang Liu},
  title     = {A Survey on Deep Transfer Learning},
  journal   = {CoRR},
  volume    = {abs/1808.01974},
  year      = {2018},
  url       = {http://arxiv.org/abs/1808.01974},
  eprinttype = {arXiv},
  eprint    = {1808.01974},
  timestamp = {Mon, 18 Jan 2021 14:59:43 +0100},
  biburl    = {https://dblp.org/rec/journals/corr/abs-1808-01974.bib},
  bibsource = {dblp computer science bibliography, https://dblp.org}
}

